2108 3728
371 217 494 262 uariis
517 217 579 260 am.
602 218 676 260 rr111.
925 201 984 262 147

94 317 153 381 Qui
163 327 220 380 licet
232 327 337 397 eloquio
349 328 434 382 fidum
446 346 553 399 quoque
565 331 680 383 Nestora
691 328 788 399 vincat,

96 384 175 446 Haud
188 408 277 449 tamen
290 398 399 469 efficiet,
412 399 551 452 desertum
565 408 592 450 ut
605 401 718 451 Nestora
730 399 834 452 crimen

94 455 166 514 Esse
179 481 234 516 rear
246 466 366 520 nullum:
386 469 432 536 qui
445 486 509 521 oum
521 468 674 537 imploraret
686 467 784 520 Ulixen
949 473 982 521 65

91 524 213 584 Vulnere
226 533 316 587 tardus
328 537 391 605 equi
403 538 545 605 fessusque
558 536 688 589 senilibus
699 537 784 604 annis,

93 594 217 653 Proditus
228 619 244 652 a
257 603 328 654 socio
341 615 390 658 est.
426 607 486 659 Non
500 607 568 658 haec
580 606 647 659 mihi
660 606 772 657 crimina
784 605 856 674 fingi,

93 667 151 721 Scit
163 671 232 723 bene
244 670 371 741 Tydides,
386 675 432 742 qui
445 675 554 728 nomine
568 692 649 744 saepe
662 684 788 726 vocatum

92 740 232 819 Corripuit,
248 740 402 810 trepidoque
414 742 507 810 sugam
520 744 688 812 exprobravit
700 744 796 796 amieo.

93 808 256 878 Adspiciunt
268 809 352 861 oculis
364 813 453 880 superi
466 813 585 864 mortalia
596 813 690 881 justis:
948 815 983 865 to

99 877 147 946 Eu,
160 887 221 945 eget
233 876 340 948 auxilio,
354 880 400 947 qui
411 896 464 931 non
477 882 552 946 tulit3
571 891 654 949 utque
668 881 784 950 reliquit,

103 945 142 998 Sic
154 945 315 1016 linquendus
327 956 395 999 erat:
415 948 504 1015 legem
517 950 567 1002 sibi
580 951 682 1002 dixerat
695 951 760 1018 ipse.

102 1016 254 1068 Conclamat
266 1016 363 1069 socios:
383 1017 488 1084 adsum,
503 1018 632 1087 videoque
646 1027 806 1070 trementem

100 1083 302 1153 Pallentemque
316 1093 389 1137 metu
402 1095 430 1137 et
443 1086 618 1153 trepidantem
633 1095 716 1139 morte
730 1086 835 1156 suturay

100 1154 212 1222 Opposui
226 1155 326 1206 molem
338 1154 428 1222 clypei
441 1156 549 1222 texique
560 1155 703 1223 jacentem,
946 1159 980 1208 7⁶

100 1221 258 1291 servavique
270 1223 568 1287 animam-minimum
581 1232 622 1274 est
636 1223 680 1274 hio
693 1223 938 1278 laudis-inertem.

99 1291 123 1344 Si
134 1301 237 1360 perstas
250 1300 360 1360 certare,
374 1293 464 1344 locum
477 1291 619 1343 redeamus
631 1293 659 1342 in
672 1291 762 1344 illurn:

98 1361 186 1413 Redde
201 1360 306 1412 hostem
318 1361 469 1428 vulnusque
482 1368 559 1412 tuum
572 1361 731 1429 solitumque
745 1360 877 1422 timorem,

100 1430 157 1481 Post
169 1430 351 1499 clypeumque
364 1429 416 1481 late
429 1438 600 1480 et-mecum
613 1428 744 1480 contende
758 1430 807 1481 sub
819 1429 880 1482 illo!

97 1502 130 1550 At
141 1510 284 1566 postquam
298 1499 391 1567 eripui,
406 1499 449 1550 cui
463 1498 549 1549 standi
563 1499 673 1550 vulnera
686 1499 755 1547 vires
946 1501 981 1549 80

97 1567 152 1620 Non
165 1568 304 1636 dederant,
317 1568 389 1619 nullo
403 1567 520 1618 tardatus
533 1566 642 1618 vulnere
656 1565 724 1632 fugit
733 1581 776 1616 :-

96 1636 191 1688 Hector
203 1636 280 1689 adest
294 1653 441 1704 secumque
454 1635 519 1687 deos
532 1636 555 1687 in
570 1635 670 1703 proelia
682 1634 764 1695 ducit,

97 1705 206 1773 Quaque
220 1707 279 1774 ruit,
293 1722 343 1757 non
357 1719 385 1757 tit
399 1714 501 1757 tantum
515 1705 627 1771 terreris,
641 1704 728 1770 Ulixe,

98 1773 145 1826 Sed
159 1774 242 1827 fortes
254 1776 352 1826 etium:
373 1783 475 1828 tantum
489 1774 569 1826 trahit
582 1774 625 1824 ille
639 1773 747 1825 timoris.

96 1842 170 1896 Hunc
184 1860 234 1912 ego
247 1844 412 1911 sanguineae
426 1860 551 1894 successu
566 1842 657 1894 caedis
669 1849 795 1892 ovantem
947 1837 980 1893 85

96 1912 220 1965 Cominus
233 1912 499 1984 ingentiflresupinum
514 1913 631 1980 pondere
644 1910 711 1962 iudi,

94 1980 170 2034 Hunc
183 1998 233 2049 ego
246 1990 409 2050 poscentem,
424 1998 485 2033 oum
499 1998 551 2048 quo
563 1986 739 2044 concurreret,
752 1993 821 2029 unus

94 2050 226 2118 Sustinui,
245 2059 399 2118 sortemque
412 2067 502 2102 meam
515 2049 633 2117 vovistis,
648 2047 753 2116 Achivi,

65 2174 130 2231 Neve
141 2183 206 2231 mele
218 2193 301 2242 optato
313 2198 410 2230 maneas
423 2182 572 2230 circumlitus
583 2184 727 2229 euro-63.
740 2178 850 2239 Eloquia,
863 2177 978 2238 eloquen-

67 2241 99 2289 lla
124 2242 223 2297 Fidum,
241 2242 573 2291 amicum—tiaDeserrom
583 2240 694 2287 Nestora.
723 2239 806 2285 When
822 2237 863 2284 the
881 2236 978 2285 Greeks

67 2297 107 2348 ted
122 2302 146 2348 in
157 2302 235 2348 alarin
246 2311 269 2346 at
288 2301 328 2348 the
340 2301 461 2366 lightning
472 2299 500 2346 os
512 2299 616 2358 Jupiter,
632 2298 732 2352 Nestor,
747 2296 830 2343 whose
842 2295 913 2362 horse
930 2292 978 2341 had

67 2355 120 2406 been
131 2359 253 2407 wounded
265 2361 297 2418 by
310 2360 387 2413 Paris,
401 2360 486 2418 seeing
498 2359 590 2405 Hector
605 2357 701 2414 coming
717 2355 811 2421 against
827 2354 887 2407 him,
899 2350 979 2418 ¹called

65 2425 85 2464 tu
96 2418 200 2478 Ulysses
218 2417 254 2465 sor
269 2419 410 2465 assistance.
439 2417 550 2477 Ulysses,
565 2417 686 2467 however,
700 2411 756 2470 paid
771 2427 802 2458 no
818 2419 938 2476 attention
953 2419 978 2457 to

63 2473 116 2528 liim.
125 2477 172 2524 and
183 2477 214 2524 he
224 2492 275 2523 was
284 2476 385 2524 rescued
394 2478 426 2534 by
435 2475 643 2523 Diomedes-67.
654 2472 798 2540 Mihifiagi,
809 2485 822 2516 a
832 2484 871 2539 iiie
882 2467 980 2535 fingi,-

63 2536 94 2582 68.
105 2535 217 2596 Tydides,
230 2535 370 2590 Diomedes,
380 2536 420 2581 the
432 2550 476 2582 son
487 2535 514 2581 of
524 2534 633 2594 Tydeus.
641 2535 714 2578 -69.
726 2530 855 2596 Compita,
865 2524 976 2594 uphraid-

59 2593 95 2648 ed,
107 2611 135 2642 as
145 2594 245 2642 Metam.
258 2594 291 2641 iii.
301 2598 360 2642 564:
379 2595 451 2641 Hunc
462 2605 544 2640 cetera
555 2594 625 2639 turba
635 2605 734 2637 suorum
747 2587 884 2653 corripiunt
896 2584 975 2632 dictis.

58 2657 124 2701 -70,
135 2653 263 2707 Mortalia,
277 2669 315 2700 res
327 2651 590 2700 mortalium.-71.Eri
603 2647 740 2696 introduces
756 2644 896 2703 something
906 2657 976 2689 news

58 2725 119 2765 now,
133 2712 236 2759 another
247 2712 315 2766 time,
329 2711 359 2758 he
371 2711 479 2770 requires
491 2710 554 2767 help.
582 2709 686 2766 Ulysses
699 2721 749 2752 was
762 2701 907 2768 woundedb
936 2699 977 2747 the

59 2769 172 2829 Trnjans,
186 2770 234 2818 and
245 2781 284 2817 cut
296 2770 333 2817 cil
345 2770 406 2817 from
419 2770 456 2816 his
468 2768 565 2817 friends.
599 2769 637 2815 He
649 2764 726 2813 called
743 2763 779 2811 sor
789 2761 853 2832 help,
868 2776 898 2807 en
926 2774 977 2827 was

55 2830 157 2878 rescued
169 2830 201 2888 by
214 2829 279 2888 Ajax
291 2830 337 2876 aud
350 2829 555 2876 Menelaus-72.
565 2826 652 2887 Legem
662 2826 710 2892 sihi
720 2825 812 2871 dirueret
824 2837 882 2881 ipse,
895 2819 976 2886 condi·

55 2888 146 2935 tionem
158 2903 208 2946 qua
224 2887 363 2935 tractandus
380 2898 445 2935 esset
462 2888 513 2945 ipse
530 2887 553 2932 in
567 2886 681 2932 Nestoris
692 2881 804 2950 exemplo
816 2893 976 2938 praescripse-

53 2950 169 2996 raa-73.
182 2947 316 2996 Conclamat
325 2949 407 3001 eecr'os,
419 2963 433 2993 a
444 2961 494 2992 rore
507 2944 680 2997 construction,
692 2957 771 2989 socios
782 2938 908 3007 clamando
919 2952 976 2984 con·

53 3015 133 3052 vocat.
153 3005 314 3053 Conclamata
323 3005 446 3065 generally
454 3004 537 3052 stands
545 3001 665 3057 absolute,
676 3017 702 3047 as
712 3015 742 3047 an
752 3001 903 3047 intransitive
910 2996 976 3042 verb.

56 3063 692 3128 H'remeaterm-pollentem—trepidontem-joceritem.
713 3058 801 3106 Words
810 3051 977 3103 accumulated

52 3132 79 3170 to
89 3123 236 3181 strengthen
248 3124 289 3170 the
302 3123 416 3181 reproech
428 3122 456 3170 of
468 3120 681 3169 concidas-79.
691 3117 750 3164 Post
762 3120 911 3217 clypeumque
921 3112 976 3157 lete.

52 3182 121 3230 Here
141 3181 194 3228 also
211 3182 252 3229 the
272 3193 334 3228 most
354 3182 439 3229 odious
456 3178 611 3238 expression:
633 3176 688 3224 hide
705 3189 792 3234 yourse
804 3172 816 3217 s
830 3167 917 3216 behind
935 3166 976 3214 the

51 3239 224 3288 ahiem-82.
234 3240 296 3287 Deos
311 3242 436 3301 inproelio
452 3241 524 3288 ducit.
552 3237 580 3284 In
593 3237 694 3288 Homer,
713 3229 803 3288 Apollo
819 3243 878 3287 goes
894 3225 976 3272 before

51 3299 104 3347 him
117 3299 248 3346 concealed
265 3299 288 3345 in
299 3314 314 3345 a
324 3298 403 3354 cloud,
417 3299 463 3346 und
480 3297 580 3356 spreads
596 3306 672 3341 terror
682 3304 770 3346 among
782 3287 823 3332 the
837 3283 978 3352 Greeks-3

50 3360 89 3406 ⁸3.
104 3357 184 3411 Ulixe,
194 3358 290 3404 ancient
300 3357 361 3405 form
373 3357 449 3404 ol'the
459 3356 577 3406 vocative,
590 3353 650 3399 alter
660 3351 699 3396 the
709 3345 868 3413 Greeks-86.
879 3340 977 3402 Irigeatt

137 3434 170 3471 re,
184 3416 277 3476 ingenti
292 3431 357 3463 saxo.
385 3416 543 3477 Resupinum,
560 3413 594 3458 ita
610 3421 636 3475 ut
653 3419 779 3462 resupinus
793 3401 976 3461 mearet-87.

49 3419 197 3528 mrem,
219 3484 394 3532 provocantem
415 3475 447 3524 ud
469 3483 596 3522 certamen
617 3457 989 3528 singulare-timonem
