2108 3728
77 187 117 248 28
359 200 525 246 uxoanera
544 201 589 244 nx
610 201 717 245 ovmrr

121 428 166 453 N
337 379 517 424 DEUOALION
537 378 577 421 ET
596 377 736 421 PYRRHA.

112 496 237 551 aarum
249 497 348 549 Aonios
359 495 467 549 Oetaeis
479 494 576 548 Phocis
588 494 623 546 ab
634 493 713 562 arvis,

113 567 197 619 Terra
208 566 290 635 ferax,
303 565 369 618 dum
382 573 450 617 terra
462 563 520 631 suit,
534 564 582 616 sed
594 572 713 631 ternpore
725 561 752 614 in
765 561 810 614 illo

113 635 179 688 Pars
192 635 274 687 maris
286 642 312 685 et
323 632 395 693 latus
407 634 555 692 subitamm
568 648 680 700 campus
692 647 831 699 aquamm.

113 703 195 757 Mons
207 702 243 755 ibi
256 702 402 755 verticibus
413 703 481 771 petit
494 702 595 754 arduus
606 712 676 752 astra
688 699 802 768 duobus,

113 771 229 824 Nomine
243 770 384 840 Parnasus,
397 779 559 840 superatque
571 769 713 821 cacumine
726 768 821 821 nubes.

114 839 166 892 Hic
177 839 225 891 ubi
237 839 483 892 Deucalion-nam
496 848 585 891 cetera
597 847 699 890 texerat
711 853 846 905 aequor-

113 908 181 960 Cum
193 917 313 960 consorte
326 909 375 960 tori
387 925 469 977 parva
482 916 537 959 rate
550 915 645 958 vectus
656 905 780 958 adhaesit
787 922 795 973 5

114 975 257 1046 Corycidas
269 975 411 1046 Nymphas
422 985 450 1028 et
461 977 574 1028 numina
586 977 683 1027 montis
695 974 807 1026 adorant

114 1043 317 1114 Fatidicamque
329 1045 452 1115 Themin,
466 1061 536 1113 quae
548 1053 612 1096 tunc
624 1045 712 1095 oracla
725 1043 843 1096 tenebat.

113 1113 175 1165 Non
186 1113 231 1165 illo
244 1113 338 1168 melior
350 1115 493 1182 quisquam
506 1129 557 1165 uec
569 1112 700 1164 amantior
712 1113 793 1180 acqui

115 1181 160 1234 Vir
172 1181 229 1244 suit,
241 1189 288 1233 aut
300 1181 345 1233 ills
357 1183 517 1234 metuentior
530 1180 585 1232 ulla
597 1180 716 1232 deorum.
874 1212 884 1239 „=

114 1249 219 1318 Jupiter
231 1263 260 1301 ur
272 1249 382 1317 liquidis
394 1262 517 1317 stagnare
529 1248 674 1316 plaudibus
686 1248 786 1317 orbern,
812 1242 938 1312 *faama*

114 1317 150 1370 Et
161 1333 301 1386 superesse
313 1317 388 1369 videt
400 1318 434 1369 de
447 1326 485 1369 tot
497 1316 576 1369 modo
589 1317 708 1369 millibus
721 1333 813 1386 unum,

114 1385 150 1438 Et
162 1401 302 1455 superesse
315 1386 388 1438 videt
400 1386 435 1438 de
448 1394 485 1438 tot
498 1385 576 1437 modo
589 1385 708 1437 millibus
720 1402 811 1454 unam,

113 1454 245 1508 Innocuos
256 1454 357 1524 ambos,
371 1455 487 1508 cultores
499 1454 616 1506 numinis
628 1455 723 1506 ambos
730 1471 738 1521 3

113 1523 214 1578 Nubila
225 1523 339 1593 disjecit,
353 1524 507 1593 nimbisque
519 1522 643 1590 aquilone
656 1524 763 1575 remotis

115 1591 235 1645 Eteocle
248 1601 332 1645 terras
347 1594 460 1646 ostendit
473 1601 500 1645 et
512 1590 623 1643 aethera
635 1591 720 1642 terris.

114 1660 174 1712 Nec
185 1661 267 1713 maris
278 1661 317 1712 ira
329 1671 428 1731 manet,
442 1662 580 1730 positoque
593 1660 735 1728 tricuspide
750 1659 802 1711 telo

114 1727 220 1781 Mulcet
231 1744 316 1796 aquas
328 1737 413 1780 rector
426 1730 522 1798 pelagi,
536 1745 669 1796 supraque
682 1728 842 1796 profundum

115 1794 274 1848 Exstantem
286 1803 367 1864 atque
379 1797 505 1849 humeros
516 1797 606 1860 innato
619 1798 720 1848 murice
733 1805 835 1849 tectum

113 1863 274 1919 Caeruleum
286 1863 394 1917 Tritona
406 1875 490 1934 vocat,
505 1866 678 1934 conchaeque
691 1866 782 1917 sonaci
856 1871 858 1874 ’

114 1931 248 2002 Inspirare
259 1932 336 2001 jubet
348 1933 500 2003 fluctusque
513 1942 540 1986 et
553 1934 665 1986 flumina
677 1935 751 2002 signo

114 2001 177 2054 Jam
189 2017 313 2054 revocare
326 2001 397 2053 dato.
433 2005 505 2056 Cava
516 2003 631 2055 buccina
645 2005 758 2055 sumitur
770 2002 809 2055 illi

113 2068 229 2138 Tortilis,
243 2069 269 2120 in
282 2069 365 2122 latum
397 2088 447 2124 uae
460 2072 565 2124 turbine
578 2072 674 2123 erescit
686 2071 721 2124 ab
733 2073 795 2140 imo,

114 2135 240 2207 Bueciua,
254 2154 324 2206 quae
337 2088 426 2192 medio
439 2143 560 2209 concepit
573 2141 619 2192 ubi
631 2146 694 2191 aera
706 2148 793 2208 ponto,

113 2204 203 2261 Litora
214 2222 281 2258 voce
294 2207 378 2276 replet
390 2209 441 2262 sub
453 2217 564 2278 utroque
576 2209 693 2276 jacentia
705 2208 822 2260 Phoebo.

113 2272 191 2328 Tunc
202 2291 316 2346 quoque,
330 2285 359 2329 ul
370 2293 416 2329 ora
428 2277 471 2330 dei
484 2278 593 2330 madida
605 2278 718 2330 rorantia
730 2277 813 2329 barba

108 2420 161 2467 ³13.
175 2418 275 2476 Archa,
284 2420 325 2468 old
335 2436 406 2469 name
417 2422 453 2470 lor
461 2421 578 2470 Boeotos.
605 2421 707 2476 Oetaeis,
720 2420 880 2474 Thessalicis,
893 2422 938 2469 bec

78 2475 121 2524 ths
132 2476 204 2525 chain
213 2477 242 2525 ol
255 2478 319 2527 Oeta
330 2481 433 2528 extends
445 2481 517 2540 along
528 2481 568 2527 the
581 2480 725 2527 boundaries
736 2479 764 2526 ol
777 2479 938 2538 Thessaly.-

82 2533 137 2583 Tsm
167 2553 193 2584 rs
202 2538 229 2584 ia
241 2539 290 2595 illc,
303 2538 390 2608 during
400 2540 452 2588 thet
464 2540 531 2596 time,
545 2539 646 2587 denotas
658 2539 700 2586 the
709 2537 789 2585 whole
798 2538 935 2604 durationo

78 2592 95 2662 ll
150 2610 156 2652 ς
174 2595 248 2645 while
259 2607 367 2657 tempore
379 2599 421 2647 rllo
432 2599 514 2648 would
530 2600 587 2659 only
599 2598 702 2646 indicate
714 2613 729 2644 a
739 2596 817 2663 single
828 2607 896 2663 point
908 2598 933 2644 in

77 2658 229 2703 tima-318.
246 2655 385 2714 Deucalion,
398 2674 444 2706 son
459 2659 487 2706 ol
500 2657 670 2711 Prometheus,
684 2657 745 2715 king
759 2659 783 2702 ol
800 2655 897 2702 Phthia.
906 2679 938 2688 -

80 2709 140 2758 Cum
149 2723 255 2761 consorte
265 2719 320 2771 tori,
334 2716 437 2775 Pyrrha,
450 2717 569 2776 daughter
577 2716 606 2763 ol
617 2714 779 2773 Epimetheus
788 2713 834 2761 and
845 2714 938 2762 Pandor

77 2770 128 2814 320.
146 2770 274 2830 Corycidas
283 2777 405 2834 nymphus,
417 2774 458 2821 the
466 2774 572 2832 nymphs
581 2773 608 2820 of
622 2773 662 2819 the
674 2772 795 2830 Corycian
803 2788 862 2820 cave
871 2773 897 2820 in
908 2773 936 2820 M

77 2821 208 2893 Parnasus.
236 2827 343 2876 Numina
358 2834 443 2879 montis
452 2848 463 2885 ,·
478 2831 530 2878 that
546 2831 576 2883 is,
593 2839 668 2877 cetera
683 2830 783 2876 numina
798 2833 938 2879 montis.-

79 2879 194 2938 Tlremtn:
212 2883 326 2950 Themis,
339 2886 380 2935 the
392 2888 512 2947 daughter
520 2887 549 2934 ol
562 2887 659 2935 Uranus
676 2885 723 2933 and
735 2887 811 2944 Gaea,
825 2890 872 2937 had
883 2905 938 2939 rece

75 2937 118 2987 tlrs
129 2939 233 2999 Delphrc
245 2942 333 3010 Qracle
344 2944 406 2993 lrorn
417 2946 461 2994 her
471 2945 575 3002 mother,
587 2945 670 2992 whose
685 2945 703 2992 it
715 2946 843 3007 originally
852 2965 904 2997 wus
913 2965 933 3007 ς,

79 3006 104 3046 at
114 3013 130 3045 a
139 2997 293 3067 laterpeuod
304 3002 345 3049 did
356 3003 374 3049 it
386 3005 487 3052 become
496 3005 537 3051 the
546 3004 625 3051 oracle
635 3003 664 3050 of
672 3003 856 3062 Apollo-324.
874 3008 938 3070 διας·

75 3053 120 3105 has
129 3058 300 3117 occasionally,
311 3075 338 3107 as
347 3060 414 3118 here,
425 3063 465 3111 the
475 3063 588 3122 meaning
597 3062 625 3108 of
632 3071 655 3109 to
662 3065 688 3109 be
697 3065 839 3124 overflowec,
851 3069 938 3115 insuda

74 3118 157 3165 -asa
168 3114 297 3186 Tardaque
307 3120 436 3180 trimrpide
446 3124 501 3176 telo,
513 3120 672 3179 depositoque
684 3121 889 3171 tridente-332.
902 3126 938 3172 Hi

75 3178 439 3244 Ινοιᾳιιορτιπιαίρηιιινίεειεειιιηι,
448 3179 531 3226 Greek
540 3179 687 3235 accusative,
696 3195 752 3228 asv.
760 3184 811 3228 265.
829 3184 938 3239 Innatat

75 3249 177 3290 innasci,
189 3243 285 3291 native}
300 3237 395 3293 murice,
406 3238 512 3285 concha:
529 3253 615 3285 murex
624 3238 645 3284 is
653 3240 766 3298 properly
775 3241 815 3287 the
824 3241 910 3299 purple
919 3243 938 3289 sl

74 3292 214 3343 richesae.
232 3293 325 3350 Triton,
338 3309 383 3342 son
398 3295 427 3344 of
440 3295 557 3360 Neptune
573 3295 621 3344 und
637 3297 797 3355 Amphitrite,
811 3299 895 3346 herald
912 3301 938 3347 ol

74 3353 345 3475 reserarier
355 3355 620 3464 satisfaire
627 3358 938 3477 terrassiam

282 3468 287 3475 ,
489 3450 495 3463 ·
558 3447 566 3472 r
