2108 3728
391 219 514 262 ΜΕΤΑΜ.
537 221 598 264 Lm.
620 224 665 267 vl.

122 329 237 399 Aquibes
248 331 282 384 ad
295 331 401 385 coelum
414 331 525 385 liventia
537 334 649 388 brachia
662 335 776 391 tendens

121 399 243 467 ‘Pasoere,
256 400 381 466 erudelis,
395 412 491 470 nostro,
506 404 614 473 Latona,
628 405 726 474 dolore,

116 469 238 538 [Poscere²
251 472 296 538 ait,
313 472 448 538 ‘satiaque
462 489 522 524 meo
535 482 580 524 tua
592 484 701 542 pectora
713 475 808 548 luetu,]

113 541 205 610 Corque
218 541 306 593 ferum
319 541 386 592 satia
396 539 413 593 Ι)
427 541 511 594 dixit:
532 543 598 594 ‘Per
611 544 706 596 funera
719 561 748 596 se
769 556 824 598 tem

110 609 220 662 Efferor:
240 610 354 679 exsulta,
367 611 516 680 victrixque
530 611 640 664 inimica
651 563 802 682 triumpha!

108 679 156 730 Cur
167 687 257 733 autem
272 679 385 733 victrixl
421 680 540 732 Miserae
555 681 620 733 mihi
634 683 710 750 plura
723 692 872 752 supersunt¹

105 747 189 806 Quam
202 749 250 802 tibi
262 747 350 801 felici:
369 758 428 818 pest
441 758 478 801 tot
491 767 598 818 quoque
611 751 704 804 funera
718 754 814 806 vineo!

103 818 228 887 Dixerat3
246 825 274 870 et
286 819 375 871 sonuit
387 827 511 870 contento
524 836 622 872 nervus
634 821 669 874 ab
680 839 753 889 arou,

101 885 153 945 Qui
165 896 271 957 praeter
281 887 389 941 Nioben
403 905 483 940 unam
497 890 640 942 conterruit
652 907 748 943 omnes
756 908 763 959 3

99 956 149 1009 Illa
161 956 233 1008 malo
246 965 288 1009 est
300 957 399 1008 audax.
435 957 546 1011 Stabant
558 976 620 1011 oum
634 960 756 1013 vestibus
768 962 833 1014 atris

98 1029 171 1078 Ante
183 1035 253 1078 toros
265 1025 376 1079 fratrum
389 1025 506 1079 demisso
519 1027 593 1079 crine
606 1045 715 1081 sorores.

98 1095 122 1148 E
135 1095 234 1164 quibus
248 1112 307 1161 una,
322 1095 432 1148 trahens
443 1096 581 1149 haerentia
593 1098 696 1150 viscere
709 1098 772 1161 tela,

96 1164 226 1233 Imposito
239 1163 312 1216 fratri
325 1164 485 1217 moribunda
498 1166 629 1233 relanguit
641 1183 694 1219 ore.

97 1233 200 1302 Altera,
214 1233 292 1285 solari
306 1233 432 1286 miseram
446 1244 542 1287 conata
554 1246 701 1305 parentem,

96 1303 231 1366 Conticuit
244 1303 341 1364 subito,
354 1301 544 1372 duplicataque
557 1304 668 1357 vulnere
681 1322 763 1358 caeco
777 1315 825 1376 est,

96 1372 204 1440 Oraque
217 1389 268 1424 non
281 1373 385 1441 pressit,
399 1373 450 1424 sibi
463 1382 604 1442 postquam
618 1376 727 1443 spiritus
739 1376 803 1427 exit.

95 1442 173 1493 Haeo
185 1441 281 1493 frustra
293 1441 403 1508 fugiens
415 1442 555 1494 collabitur
562 1461 570 1510 3
590 1444 635 1495 illa
647 1445 728 1496 sorori

96 1509 268 1577 Immeritur3
288 1511 353 1563 latet
366 1511 450 1577 haeo;
469 1512 543 1564 illam
556 1513 690 1581 trepidare
704 1512 818 1565 videres.

94 1581 205 1648 Sexque
217 1579 289 1631 datis
300 1580 353 1632 leto
366 1580 527 1648 diversaque
540 1582 651 1634 vulnera
664 1582 756 1650 passis,

94 1649 201 1702 Ultima
213 1650 330 1702 restabat
338 1665 345 1717 3
364 1666 447 1717 quam
461 1659 512 1701 toto
525 1667 633 1719 oorpore
647 1660 734 1703 mater

95 1719 166 1770 Tota
180 1727 253 1769 reste
268 1726 363 1786 tegens
376 1719 478 1771 ‘Unam
492 1721 689 1789 minimamque
703 1719 840 1788 relinque!

96 1789 139 1840 De
152 1785 246 1840 multis
257 1787 401 1840 minimam
414 1789 503 1856 posco’
517 1789 644 1841 clamavit
659 1793 702 1840 ‘et
715 1791 814 1841 unam)

95 1858 224 1925 Dumque
237 1866 319 1924 rogat,
332 1873 378 1925 pro
391 1874 444 1925 qua
458 1868 537 1926 rogat,
551 1859 657 1911 oceidit.
693 1858 764 1911 Orba
777 1859 875 1912 resedit

96 1927 248 1980 Exanimes
260 1927 329 1978 inter
341 1936 417 1977 natos
430 1937 559 1995 natasque
573 1929 721 1997 virumque,

95 1994 267 2063 Diriguitque
280 1995 379 2047 malis:
399 1995 485 2048 nullos
498 2005 588 2049 movet
600 2015 665 2049 aura
677 1996 796 2066 capillos,

94 2064 127 2117 In
143 2064 218 2117 vultu
230 2064 303 2116 color
315 2072 356 2116 est
369 2064 426 2116 sine
439 2066 577 2134 sanguine,
588 2066 690 2118 lumina
703 2065 815 2118 maestis

95 2135 174 2187 Stant
187 2134 301 2186 immota
312 2134 397 2200 genie,
411 2133 476 2186 nihil
489 2144 529 2186 est
543 2135 568 2187 in
582 2135 699 2203 imagine
712 2137 820 2205 vivumj

95 2205 161 2272 ipsa
172 2219 280 2272 quoque
294 2203 403 2254 interius
414 2220 477 2256 eum
490 2204 556 2256 duro
569 2204 659 2272 lingua
671 2206 759 2273 palato

95 2270 240 2341 Congerat,
250 2280 277 2324 et
289 2288 376 2325 venae
388 2271 520 2325 desistunt
534 2291 612 2342 posse
625 2275 726 2327 moveri
737 2291 744 2342 3

94 2343 122 2396 N
125 2359 158 2393 ee
171 2341 242 2394 fleeti
256 2341 356 2410 cervix,
370 2359 421 2393 neo
433 2342 543 2395 brachia
557 2343 669 2396 reddere
681 2352 781 2411 gestus,

95 2413 160 2466 Nee
172 2428 221 2480 pes
233 2411 272 2463 ire
285 2418 389 2480 potest3
408 2412 477 2463 intra
489 2430 595 2482 quoque
608 2413 712 2466 viscera
724 2429 820 2465 saxum
833 2420 882 2465 est.

56 2587 137 2636 latter
148 2586 168 2633 is
180 2585 238 2632 here
250 2584 292 2631 the
305 2593 397 2630 correct
410 2585 627 2644 meaning-279.
640 2583 761 2636 Lioeotia,
776 2581 843 2636 hvid,
857 2580 899 2628 the
914 2580 987 2629 effect

56 2647 88 2695 os
101 2645 146 2693 the
161 2647 272 2706 plangor,
292 2642 333 2689 the
350 2643 448 2702 bearing
464 2643 492 2690 of
509 2644 550 2689 the
567 2644 648 2689 breast
667 2640 713 2687 and
732 2639 801 2686 other
818 2649 884 2707 parts
900 2638 929 2685 os
946 2639 988 2687 the

57 2705 137 2764 body,
151 2719 178 2750 as
194 2704 281 2755 above.
300 2717 322 2748 v.
340 2705 485 2752 248.-,281.
499 2702 562 2749 This
579 2701 626 2747 line
644 2701 664 2746 is
680 2697 798 2757 probably
809 2713 840 2744 an
857 2698 987 2766 interpola·

56 2765 219 2812 riom-283.
231 2761 333 2822 Essem,
346 2775 421 2807 sensu
433 2761 630 2808 funebri-286.
650 2758 765 2806 Contenta
779 2759 807 2804 alr
823 2773 888 2805 orere.
923 2757 988 2827 Ouid

56 2823 121 2871 does
139 2833 180 2868 not
197 2831 260 2868 state
277 2819 404 2878 expressly
420 2820 477 2866 who
494 2820 511 2866 it
529 2835 579 2866 was
596 2819 647 2866 that
664 2817 726 2865 slew
743 2816 783 2863 the
803 2817 849 2864 dau
869 2816 936 2865 htors
957 2819 982 2865 ot

58 2882 155 2931 Niobe.
189 2879 269 2927 Other
285 2879 380 2925 writers
396 2879 505 2926 mention
526 2878 612 2933 Diana,
630 2877 678 2924 and
698 2876 747 2924 this
764 2875 784 2923 is
801 2892 833 2924 no
849 2831 924 2926 doubt
947 2877 988 2925 the

56 2942 126 2989 view
138 2939 166 2986 of
180 2938 245 2986 Ovid
257 2937 324 2994 aleo;
342 2937 387 2993 for,
400 2954 422 2984 v.
435 2941 487 2993 216,
501 2937 544 2984 she
557 2937 577 2985 is
589 2936 745 2995 represented
757 2952 784 2983 as
796 2937 988 2997 accompanying

56 3000 104 3048 her
115 2998 217 3046 brother
228 3007 254 3044 to
266 2997 471 3044 Thebae-288.
491 2997 550 3044 Com
566 2998 669 3043 vestibus
685 2998 754 3043 atris.
786 2994 865 3043 Bloch
876 3011 928 3044 was
945 2995 987 3043 the

55 3059 147 3107 oolour
157 3057 186 3105 oi
197 3055 327 3114 mourning
338 3055 375 3102 for
386 3071 481 3103 women
494 3055 517 3102 in
529 3055 570 3102 the
582 3066 646 3101 most
664 3054 759 3101 ancient
773 3055 853 3102 times.
886 3055 986 3102 Metam.

55 3118 110 3166 viii.
123 3120 184 3166 779:
204 3115 299 3163 Omnes
310 3130 439 3174 germanae
452 3114 569 3161 Cererem
581 3129 636 3160 cum
649 3114 759 3161 vestibus
775 3113 834 3160 atris
848 3112 987 3159 Maerentes

55 3177 245 3226 adeunte-289.
257 3172 447 3227 Demiasocrioe
459 3173 511 3220 also
521 3174 544 3220 in
553 3173 628 3218 toheu
638 3172 666 3218 os
673 3171 824 3232 gnei-290.
840 3169 942 3236 Viscera,
953 3183 987 3214 so.

55 3250 120 3292 suo;
136 3249 163 3281 as
175 3250 197 3281 v.
207 3238 262 3288 252,
275 3236 411 3280 asa—291.
424 3232 537 3294 Imposito
541 3233 623 3292 fratri
632 3248 683 3285 oro,
694 3246 728 3277 sc.
740 3226 865 3295 osculandi
876 3241 989 3272 eausa.-

54 3298 111 3345 294.
130 3291 312 3352 Oraque-exit.
345 3291 394 3338 She
408 3290 448 3338 did
459 3302 500 3338 not
513 3291 578 3338 close
590 3289 633 3337 her
645 3288 729 3336 mouth
741 3301 802 3353 even
814 3300 837 3331 rn
848 3283 930 3350 death,
942 3282 987 3330 she

55 3370 111 3402 'aa
121 3351 236 3419 engaged
245 3351 269 3398 in
279 3349 405 3417 speaking.
437 3349 504 3407 Exit,
514 3350 550 3396 sor
559 3349 628 3402 exiit,
638 3347 760 3414 aslabova,
770 3359 784 3388 r.
794 3346 845 3394 200,
854 3352 941 3410 aaevrt,
951 3340 988 3412 sor

53 3411 291 3465 arrationarem
305 3409 479 3467 Auxihumque
495 3408 557 3468 petit
572 3407 609 3456 sor
624 3404 814 3466 perine-305.
826 3397 896 3448 Nou
910 3409 945 3450 ert
961 3416 990 3448 aa
1037 3432 1043 3444 .

162 3473 183 3523 9
516 3487 535 3522 o
