2108 3728
61 187 120 247 134
357 200 523 243 exornans
543 201 588 242 ax
608 200 716 244 ovrorr

96 313 222 367 Pervenit
234 312 421 382 Haemoniam,
435 312 581 382 positisque
594 328 609 363 e
622 327 730 380 corporo
743 313 841 382 pennis

96 383 127 436 In
140 383 241 435 faciem
254 383 349 450 Ceycis
361 382 415 434 abit
426 399 432 450 5
452 390 594 450 sumtaque
607 381 692 446 figura

98 453 220 521 Luridus,
234 452 361 519 exsangui
374 451 478 511 similis,
492 451 548 502 siue
562 450 683 502 vestibus
694 449 756 502 ullis

97 521 223 589 Con'ugis
235 530 296 574 anta
310 530 398 572 torum
410 520 523 572 miserae
537 520 624 571 stetit:
644 518 699 570 uda
710 520 819 572 videtur

98 540 184 644 Barla
197 590 253 655 viri,
267 589 438 657 madidisque
450 589 540 655 gravis
552 589 635 640 fluere
649 587 721 639 unda
734 589 849 658 capillis.

99 661 169 713 Tum
183 660 251 715 lecto
265 658 431 722 incumbens,
445 659 509 710 fletu
522 674 601 735 super
613 673 659 708 ora
671 657 778 725 profuso

99 729 174 782 Haec
186 729 239 780 ait:
261 728 405 794 ‘Agnoscis
417 728 514 796 Ceyca,
527 726 678 778 miserrima
689 725 796 796 conjurr,

100 802 143 851 An
156 814 218 849 mea
230 805 332 849 mutata
345 803 385 847 est
398 795 483 848 facies
494 795 581 848 uecel
611 795 740 864 Respice:
760 813 865 866 nosces,

100 867 279 935 Inveniesque
293 872 337 916 tuo
349 881 394 933 pro
407 865 521 934 conjuge
533 863 654 934 conjugis
666 864 801 918 umbram.

101 936 147 990 Nil
160 936 224 1004 opis,
238 934 367 1002 Alcyone,
382 934 457 986 nobis
470 944 515 987 tua
527 943 589 984 vota
601 933 731 986 tulerunt:

101 1004 274 1072 Occidimus5
293 1002 360 1054 falso
373 1003 421 1055 tibi
434 1021 479 1056 me
492 1003 645 1072 promittere
658 1002 721 1054 noli.

102 1074 218 1129 Nubilus
230 1076 339 1140 Aegaeo
351 1071 491 1140 deprendit
504 1073 529 1124 iu
543 1088 658 1140 aequore
671 1072 764 1124 navim

102 1147 201 1196 Auster
214 1151 240 1194 et
253 1142 352 1210 ingenti
364 1141 492 1210 jactatam
506 1142 615 1194 fiamine
628 1139 714 1209 solvit,

102 1213 206 1278 Oraque
218 1219 314 1278 nostra,
329 1219 404 1262 tuum
417 1210 513 1263 frustra
525 1210 668 1262 clamantia
680 1226 787 1272 nomen,

101 1279 249 1348 Implerunt
261 1279 367 1330 flnctus.
403 1281 464 1332 Non
476 1279 545 1331 haec
558 1279 605 1331 tibi
617 1279 720 1330 nuntiat
732 1287 826 1331 auctor

101 1348 263 1415 Ambiguae,
277 1365 327 1398 non
341 1349 391 1399 ista
403 1349 479 1415 vagis
492 1347 641 1400 rumoribus
652 1348 748 1416 audis,

102 1419 163 1487 Ipse
177 1434 226 1485 ego
239 1416 294 1468 lata
306 1416 355 1468 tibi
368 1434 495 1484 praesens
507 1434 569 1469 mea
581 1416 725 1484 naufragus
738 1416 797 1468 edo.

103 1488 192 1555 Surge,
206 1503 264 1554 age,
278 1485 313 1537 da
327 1485 458 1555 lacrimae,
473 1485 648 1553 lugubriaque
661 1486 750 1554 indue,
763 1502 815 1537 uec
827 1500 873 1537 me

102 1556 300 1624 Indeploratum
313 1555 363 1608 sub
376 1554 466 1606 inania
479 1556 587 1607 Tartara
601 1556 695 1607 mitte.²

103 1625 202 1694 Adjicit
215 1625 258 1677 his
270 1641 364 1676 vocem
377 1619 531 1692 Morpheus,
545 1641 627 1692 quam
639 1622 760 1691 conjugis
772 1622 819 1675 illa

103 1694 229 1746 Crederet
242 1710 301 1744 esse
315 1694 373 1760 sui,
391 1693 471 1745 fletus
483 1709 588 1760 quoque
602 1692 714 1744 fundere
727 1709 805 1744 veros

102 1764 184 1815 Visus
197 1769 260 1829 erat,
274 1771 435 1830 gestumque
448 1779 545 1813 manus
557 1762 654 1830 Ceycis
666 1760 792 1813 habebat.

102 1831 217 1898 Ingemit
230 1831 358 1900 Alcyone,
373 1831 497 1883 lacrimas
509 1841 599 1883 movet
611 1840 691 1898 atque
705 1830 818 1882 lacertos

103 1901 153 1953 Per
166 1917 297 1968 somnum,
313 1917 461 2006 corpusque
475 1908 569 1967 petens
581 1899 751 1968 amplectitur
762 1915 847 1966 auras,

102 1970 297 2037 Exclamatque
312 1971 426 2021 ‘Mane
456 1969 514 2026 Quo
527 1977 553 2019 te
567 1969 657 2037 rapisl
687 1967 789 2021 Ibimus
801 1984 855 2019 una
865 1966 884 2021 !²

101 2038 175 2089 Voce
188 2055 237 2089 sua
249 2038 393 2106 specieque
406 2037 455 2089 viri
468 2038 572 2091 turbata
585 2054 706 2105 soporem

102 2107 220 2173 Excutit,
234 2115 261 2157 et
274 2107 358 2173 primo
371 2107 393 2159 si
406 2107 439 2158 sit
451 2107 632 2174 circumspicit
645 2106 709 2166 illio,

102 2173 153 2230 Qui
167 2173 246 2226 modo
258 2175 332 2227 visus
344 2185 414 2227 erat:
435 2193 498 2227 narn
512 2176 577 2227 moti
591 2192 655 2227 voce
667 2174 782 2227 ministri

101 2242 249 2295 Intuleraut
261 2243 362 2297 lumen.
400 2245 544 2312 Postquam
556 2261 607 2296 non
620 2244 721 2295 invenit
734 2260 856 2312 usquam,

67 2371 89 2419 is
100 2381 125 2419 to
136 2374 167 2419 be
178 2372 253 2420 taken
264 2389 291 2420 as
302 2389 347 2421 one
359 2373 515 2432 conception:
534 2373 615 2420 atime
627 2373 654 2420 of
664 2373 749 2431 dclay3
765 2372 842 2419 hence
855 2373 897 2420 the
909 2389 916 2420 a

66 2431 117 2479 tivo
129 2447 214 2492 agrees
226 2432 285 2479 with
296 2443 400 2492 tempus.
426 2433 459 2479 So
468 2433 567 2479 Metam.
579 2448 601 2479 x.
614 2436 673 2478 568:
692 2433 822 2479 instantem
834 2434 916 2478 turbon

66 2494 248 2539 comm—652.
260 2491 425 2547 Haemoniam,
440 2491 603 2546 Thessalam
622 2491 673 2537 that
690 2492 719 2543 is,
739 2499 764 2536 to
776 2490 916 2536 Trachis.-

66 2549 133 2604 Asis,
144 2566 158 2597 a
167 2549 276 2609 frequent
285 2552 425 2610 expression
435 2551 459 2598 iu
472 2549 623 2598 transformat
628 2550 687 2597 lons.
704 2549 803 2596 Metam.
812 2549 843 2595 iv.
854 2552 899 2595 396
909 2566 915 2595 :

66 2609 115 2656 abit
133 2609 158 2656 in
169 2609 246 2667 vites;
264 2610 311 2658 xiv.
323 2614 381 2659 498:
399 2625 539 2668 comaeque.
562 2609 591 2655 ln
602 2609 696 2666 plumas
708 2610 901 2654 abeunt—654.
914 2648 916 2654 .

66 2669 120 2716 dua.
148 2669 177 2715 In
194 2669 253 2716 such
270 2681 394 2725 accounts,
407 2670 449 2717 the
461 2669 520 2716 deod
533 2683 620 2726 appear
635 2669 659 2714 in
672 2667 712 2714 the
729 2682 796 2713 same
812 2665 874 2713 form
892 2683 916 2713 as

66 2726 147 2774 which
160 2727 218 2786 they
230 2728 276 2775 had
288 2729 334 2776 last
350 2730 373 2775 in
386 2728 532 2775 life-659.
545 2727 650 2787 Respice.
679 2725 818 2783 According
830 2734 854 2771 to
865 2725 908 2771 the

66 2783 129 2838 idea,
140 2785 181 2831 the
190 2785 250 2832 form
261 2787 342 2844 places
354 2786 422 2832 itsell
429 2786 518 2832 behind
531 2786 571 2832 the
582 2785 643 2832 head
651 2783 680 2831 cs
687 2784 727 2830 the
739 2783 841 2841 sleeper,
853 2783 901 2829 and
913 2785 916 2828 l

66 2854 124 2887 over
134 2841 200 2897 him;
219 2844 295 2889 hence
311 2845 403 2901 respice
420 2843 444 2888 in
460 2844 501 2888 the
518 2845 586 2890 strict
603 2859 688 2891 sense:
708 2842 765 2889 look
779 2841 868 2889 behind
885 2842 916 2888 th

66 2900 119 2965 ⁶52:
131 2898 205 2945 Falso
216 2902 259 2946 tibi
268 2918 303 2947 me
310 2903 446 2962 promittere
456 2902 515 2952 noli,
529 2917 555 2947 as
566 2918 589 2948 v.
599 2906 658 2950 576:
676 2901 816 2958 reditusque
828 2900 875 2946 sibi
887 2915 915 2958 pr

66 2965 96 3002 trt
112 2971 204 3002 manes.
232 2957 285 3004 Sibi
295 2958 444 3015 promittere,
459 2959 596 3016 equivalent
608 2971 633 3007 to
644 2975 757 3019 eperare;
776 2959 868 3005 hence:
886 2974 916 3005 no

67 3013 127 3082 falso
138 3029 234 3073 sperare
245 3015 285 3062 vol
296 3021 541 3074 exspectare-667.
552 3019 693 3086 Ambiguae,
705 3020 819 3072 incertus,
833 3017 863 3064 de
875 3033 916 3075 qur

66 3074 148 3134 brgere
165 3073 359 3121 debeas-669.
370 3073 501 3136 Lugubria,
515 3092 550 3123 so.
562 3088 716 3132 vestimenta,
732 3093 759 3123 as
771 3092 807 3122 we
824 3091 877 3134 say,
889 3093 916 3122 nn

65 3134 116 3194 ing.
145 3131 219 3179 Trist.
232 3132 264 3178 iv.
276 3136 299 3186 2,
312 3137 355 3181 73:
374 3133 420 3180 Illa
436 3135 487 3182 dies
498 3136 577 3181 veniet
591 3151 645 3183 mea
661 3151 709 3194 qua
725 3135 836 3194 lugubria
869 3149 916 3181 ona

65 3195 117 3240 670.
125 3191 214 3239 Iconio
224 3189 335 3245 Tartaro,
344 3194 522 3241 unsubstantial
531 3195 657 3248 Tartarus,
665 3210 691 3241 as
700 3194 741 3240 the
748 3194 843 3239 reolmo
862 3192 916 3240 shat

64 3255 146 3300 -672.
158 3251 274 3304 Crederet,
287 3250 357 3297 itaut
370 3266 417 3297 non
428 3261 510 3309 posset
522 3268 569 3299 non
581 3253 770 3300 credere-674.
779 3251 903 3298 Lacrimas
913 3270 916 3297 r

64 3318 134 3370 atque
144 3313 251 3364 lacertos,
265 3309 306 3356 tho
318 3311 376 3356 verb
387 3309 490 3368 belongs
507 3319 532 3356 to
548 3311 607 3357 both
623 3312 725 3370 objecta,
741 3313 784 3357 but
797 3310 856 3355 with
873 3324 888 3355 a
904 3310 916 3357 d

64 3381 124 3414 enea
140 3369 168 3415 os
181 3369 275 3416 meanin
296 3404 301 3414 .
326 3368 448 3416 Lacrimas
464 3378 545 3424 movet,
561 3369 699 3426 equivalent
717 3378 740 3415 to
757 3367 916 3427 profundit.-

61 3422 194 3487 Postquom
205 3426 265 3476 with
276 3384 318 3476 tlte
329 3436 426 3488 present
442 3427 463 3475 is
474 3427 525 3475 also
537 3427 649 3486 poetical,
663 3428 706 3474 but
717 3426 805 3485 passed
816 3427 868 3475 also
879 3426 914 3475 int

13 3660 230 3692 Αι,
