2108 3728
370 166 538 209 rasnoanu
558 169 621 210 uns.
642 169 690 213 1v.
922 147 983 210 225

136 276 311 345 Maximeque
325 276 351 328 in
364 275 440 328 vultu
453 277 527 344 signa
540 277 654 330 dolentis
666 286 755 330 erant:

102 345 144 400 ‘Si
157 361 309 413 memores,
323 346 422 412 dequo
435 345 499 404 milri
513 346 545 398 sit
559 347 714 415 Proserpina
725 353 797 408 nata,

136 414 283 466 Dimidium
295 428 375 465 curae
389 412 470 465 debet
483 413 581 467 habere
596 424 665 466 tuae.

100 482 170 536 Orbe
181 491 314 551 pererrato
327 481 383 532 sola
395 490 436 533 est
448 482 545 551 injuria
558 484 621 534 facti

135 551 253 618 Cognita.
289 548 431 602 Commissi
462 551 563 603 raemia
575 558 662 619 raptor
673 549 764 603 habet.

59 661 61 664 .
99 622 135 673 At
146 635 235 687 neque
248 617 418 686 Persephone
450 619 512 686 igne
525 629 566 671 est
578 620 712 688 praedone
725 619 828 688 marito,

133 689 192 741 Nee
203 703 287 754 gener
298 686 350 738 hoc
361 687 438 738 nobi-s
450 704 523 739 more
536 687 670 756 parandus
681 696 746 740 erat.
792 702 794 704 ’

99 755 169 815 Quid
181 755 290 822 gravius
300 754 399 807 victore
412 755 489 824 Gyge
501 757 607 824 captiva
620 755 750 822 tulissem,

134 824 223 881 Quam
235 839 306 874 nnnc
319 832 345 874 te
358 822 427 874 coeli
439 840 484 875 soe
506 832 544 875 tra
556 833 664 876 tenente
677 824 747 877 tulit

98 893 200 944 Verum
213 892 322 960 impune
335 890 411 958 ferat,
425 908 472 943 nos
485 841 554 944 haec
566 892 699 960 patiemur
711 892 827 945 inultae:

133 960 246 1027 Reddat,
261 968 287 1010 et
300 959 426 1012 emendet
439 959 511 1012 facta
523 961 608 1028 priora
620 961 714 1012 novis'

98 1029 202 1097 Jupiter
214 1028 284 1080 hanc
295 1027 370 1097 lenit,
384 1026 539 1097 factumque
552 1038 662 1081 excusat
674 1044 782 1081 amore:

136 1098 210 1149 ‘Nec
221 1113 304 1164 gener
316 1105 357 1148 est
369 1096 447 1148 nobis
459 1096 504 1149 ille
518 1096 675 1166 pudendus,’
690 1097 734 1149 ait.

100 1166 172 1219 ‘Non
187 1182 237 1232 ego
250 1164 369 1217 nobilior.
406 1165 495 1217 Posita
507 1173 547 1217 est
561 1164 627 1217 mihi
641 1165 715 1232 regia
726 1164 809 1235 coelo,

134 1234 256 1286 Possidet
269 1233 335 1284 alter
346 1249 438 1301 aquae,
452 1234 519 1286 alter
530 1234 608 1286 inane
621 1232 712 1286 chaos.

99 1303 151 1356 Sed
164 1302 185 1354 si
198 1302 265 1353 forte
280 1302 326 1353 tibi
339 1318 390 1354 non
403 1311 444 1354 est
456 1302 586 1355 mutabile
599 1312 702 1370 pectus,

134 1371 243 1439 Statque
257 1369 343 1422 semel
353 1368 437 1438 juncti
450 1387 574 1438 rumpere
587 1370 676 1423 vincla
688 1369 746 1440 tori,

98 1440 156 1491 Hoc
168 1455 274 1507 quoque
287 1446 430 1508 tentemus,
444 1439 578 1507 siquidem
589 1439 682 1508 jejuna
695 1438 839 1492 remansit:

134 1508 160 1560 Si
173 1508 271 1575 minua,
284 1506 380 1559 inferni
393 1507 513 1576 conjugis
525 1524 589 1560 uxor
601 1507 669 1559 erir.’

98 1577 209 1630 Tartara
220 1576 311 1644 jussus
323 1576 379 1627 adit
392 1577 506 1644 sumptis
517 1575 655 1628 caducifer
666 1575 723 1645 alis,

94 1701 96 1706 ,
134 1645 240 1713 Speque
254 1643 413 1696 reditcitius
426 1646 536 1713 visaque
549 1654 622 1696 certa
635 1642 724 1696 refert.

101 1714 199 1780 ‘Rapta
211 1712 312 1779 tribuS‚'
326 1712 400 1781 dixit,
415 1713 508 1765 ‘solvit
519 1711 621 1782 jejunia
632 1713 730 1779 granis,

134 1783 236 1834 Punica
247 1797 317 1848 quae
330 1780 401 1833 lento
414 1783 512 1833 cortice
525 1798 605 1850 poma
617 1782 729 1848 tegunt!

99 1852 158 1904 Non
170 1866 249 1901 secus
262 1848 382 1916 indoluit,
396 1866 477 1918 quarn
490 1850 512 1902 si
528 1848 607 1901 modo
621 1857 695 1918 rapta
708 1848 810 1914 fuisset,

134 1919 241 1970 Maesta
253 1933 349 1984 parens
355 1935 363 1985 3
381 1916 459 1984 longa
471 1919 569 1986 vixque
582 1916 683 1969 relecta
695 1933 770 1968 rnora
782 1924 832 1968 est.

98 1987 188 2055 Atque
201 1987 244 2053 ita,
261 1986 300 2038 ‘N
302 2002 334 2037 ec
347 1985 422 2039 nobis
433 1985 539 2038 coelum
552 1993 593 2038 est
604 1984 769 2055 habitabile‚²
784 1983 869 2038 dixit:

135 2053 283 2106 ‘Taenaria
297 2053 377 2122 recipi
392 2071 436 2106 me
448 2071 554 2122 quoque
567 2053 637 2120 valle
648 2053 730 2122 jube!

99 2122 133 2176 Et
146 2122 249 2174 factura
261 2121 319 2191 tuit,
332 2130 427 2192 pactus
438 2123 490 2175 nisi
503 2122 608 2192 Jupiter
620 2131 700 2191 esset,

133 2191 178 2244 Bis
192 2191 276 2243 tribus
288 2199 317 2243 ut
330 2191 405 2243 coelo
417 2191 557 2244 mensibus
568 2191 614 2243 illa
625 2191 703 2245 foret.

98 2259 170 2312 Tum
182 2259 294 2312 demum
307 2259 465 2329 vultumque
478 2261 560 2313 Ceres
571 2260 747 2329 animumque
760 2260 868 2329 recepit,
934 2261 985 2312 615

133 2327 318 2396 Imposuitque
331 2345 397 2380 snae
410 2329 501 2397 spicea
513 2337 584 2380 serta
596 2343 699 2380 comae.

99 2397 237 2464 Largaque
250 2396 372 2464 provenit
384 2397 497 2449 cessatis
509 2396 605 2448 messis
617 2394 644 2447 in
656 2394 734 2464 arvis,

132 2466 168 2518 Et
180 2465 224 2518 vix
237 2473 378 2532 congestas
390 2481 453 2517 area
465 2464 537 2533 cepit
548 2480 623 2532 opes.

59 2597 207 2642 frou-587.
219 2593 256 2642 Da
266 2610 311 2655 qao
322 2596 379 2643 mitt
389 2596 422 2642 eit
433 2594 581 2655 Proser-pina
591 2603 667 2649 notin
685 2592 791 2651 namely,
805 2591 834 2639 da
847 2591 909 2639 Jove
921 2590 983 2649 ipso.

57 2655 150 2700 -589,
169 2653 226 2700 Sola
243 2662 277 2700 est
294 2653 387 2711 injurio
396 2654 461 2756 {acti
475 2669 499 2700 ao
517 2654 577 2705 nito,
592 2651 676 2699 [have
687 2661 728 2710 got
740 2666 772 2697 no
782 2649 876 2696 further
887 2648 945 2695 than
957 2657 984 2697 to

58 2710 111 2757 find
128 2721 169 2758 out
186 2710 228 2756 the
245 2711 331 2756 author
347 2710 375 2757 of
388 2722 395 2756 r
416 2725 429 2756 e
444 2711 489 2758 dee
508 2713 609 2758 ,-593.
624 2710 703 2770 Gyges
716 2709 737 2755 is
748 2723 793 2755 one
805 2707 833 2754 of
845 2707 886 2754 the
899 2706 983 2753 Centi-

59 2768 134 2815 mani.
167 2768 205 2815 He
217 2768 237 2814 is
249 2768 306 2815 here
318 2768 440 2815 reckoned
451 2783 540 2828 among
551 2767 592 2814 the
621 2767 683 2814 iants
693 2767 749 2814 who
760 2766 868 2814 stormed
878 2765 983 2821 heaven,

59 2826 109 2874 aud
120 2826 289 2873 endeavoured
301 2836 326 2872 tc
337 2826 392 2886 gain
404 2827 543 2883 possession
558 2825 587 2872 of
599 2783 640 2872 the
656 2825 873 2874 universa-598.
885 2823 983 2870 Puden·

57 2887 116 2938 das,
128 2900 154 2930 as
166 2884 187 2931 if
194 2884 255 2931 from
267 2899 282 2930 a
292 2885 417 2931 transitive
427 2886 485 2932 verb
497 2884 631 2944 governing
640 2884 681 2931 the
693 2883 839 2932 accusative.
871 2883 904 2931 So
915 2881 983 2930 Fert.

58 2941 94 2989 iii.
111 2945 168 2990 500:
187 2940 232 2988 Ille
249 2941 376 3000 pudendus
391 2946 562 2990 amon-600.
577 2943 661 2998 Choes,
675 2942 716 2990 the
727 2941 829 2991 infernal
843 2942 986 3002 regions.-

58 3004 112 3048 602.
126 3001 191 3052 Stat.
204 3009 298 3047 certum
309 3011 355 3047 est.
387 3000 486 3048 Metam.
499 3001 514 3048 i.
527 3004 586 3049 243:
605 3001 659 3049 Stat
674 3002 887 3049 sententia—603.
900 2999 981 3058 Siqui-

57 3061 119 3113 dem,
139 3059 198 3105 with
214 3057 282 3105 short
299 3060 316 3114 r',
335 3058 452 3118 although
469 3059 510 3105 the
527 3061 536 3107 i
551 3059 576 3106 in
591 3062 615 3108 si
630 3060 651 3107 is
668 3060 826 3120 long.-605.
846 3057 982 3116 Caducis'er,

58 3116 304 3165 Mercurius-612.
320 3116 439 3164 Taenario
451 3120 519 3172 oolla,
532 3116 574 3163 the
587 3117 688 3165 infernal
699 3117 784 3170 world,
802 3131 830 3162 so
846 3113 923 3161 called
939 3113 982 3160 be·

56 3190 133 3281 cqu'qe
145 3175 213 3222 there
226 3189 277 3222 was
293 3175 415 3234 supposed
425 3185 450 3222 to
462 3177 491 3222 be
503 3190 534 3222 an
544 3186 659 3223 entrance
671 3185 695 3222 to
707 3175 760 3221 irat
772 3174 814 3221 the
826 3179 983 3232 promontory

56 3249 73 3282 ο
125 3248 239 3281 aensron.

514 3307 530 3344 P
