<?xml version="1.0" encoding="UTF-8"?>
<!DOCTYPE html PUBLIC "-//W3C//DTD XHTML 1.0 Transitional//EN"
    "http://www.w3.org/TR/xhtml1/DTD/xhtml1-transitional.dtd">
<html xmlns="http://www.w3.org/1999/xhtml" xml:lang="en" lang="en">
 <head>
  <title>
</title>
<meta http-equiv="Content-Type" content="text/html;charset=utf-8" />
  <meta name='ocr-system' content='tesseract 3.04.00' />
  <meta name='ocr-capabilities' content='ocr_page ocr_carea ocr_par ocr_line ocrx_word'/>
</head>
<body>
  <div class='ocr_page' id='page_1' title='image "./excerptaexpovid00islegoog_0075.png"; bbox 0 0 2108 3728; ppageno 0'>
   <div class='ocr_carea' id='block_1_1' title="bbox 354 191 713 239">
    <p class='ocr_par' dir='ltr' id='par_1_1' title="bbox 354 191 713 239">
     <span class='ocr_line' id='line_1_1' title="bbox 354 191 713 239; baseline -0.022 0"><span class='ocrx_word' id='word_1_1' title='bbox 354 194 521 239; x_wconf 70' lang='lat' dir='ltr'><strong>axonam</strong></span> <span class='ocrx_word' id='word_1_2' title='bbox 540 193 586 235; x_wconf 78' lang='lat' dir='ltr'><strong>EX</strong></span> <span class='ocrx_word' id='word_1_3' title='bbox 606 191 713 236; x_wconf 82' lang='lat' dir='ltr'><strong>0va</strong></span> 
     </span>
    </p>
   </div>
   <div class='ocr_carea' id='block_1_2' title="bbox 302 652 765 712">
    <p class='ocr_par' dir='ltr' id='par_1_2' title="bbox 302 652 765 712">
     <span class='ocr_line' id='line_1_2' title="bbox 302 652 765 712; baseline -0.015 0"><span class='ocrx_word' id='word_1_4' title='bbox 302 655 585 712; x_wconf 82' lang='lat' dir='ltr'><strong>METAMORPH.</strong></span> <span class='ocrx_word' id='word_1_5' title='bbox 604 653 687 707; x_wconf 86' lang='lat' dir='ltr'>LIB.</span> <span class='ocrx_word' id='word_1_6' title='bbox 706 652 765 706; x_wconf 90' lang='lat' dir='ltr'><strong>IV.</strong></span> 
     </span>
    </p>
   </div>
   <div class='ocr_carea' id='block_1_3' title="bbox 358 806 713 853">
    <p class='ocr_par' dir='ltr' id='par_1_3' title="bbox 358 806 713 853">
     <span class='ocr_line' id='line_1_3' title="bbox 358 806 713 853; baseline -0.02 0"><span class='ocrx_word' id='word_1_7' title='bbox 358 809 510 853; x_wconf 80' lang='lat' dir='ltr'><strong>PYRAMUS</strong></span> <span class='ocrx_word' id='word_1_8' title='bbox 529 808 568 849; x_wconf 79' lang='lat' dir='ltr'><strong>ET</strong></span> <span class='ocrx_word' id='word_1_9' title='bbox 589 806 713 848; x_wconf 81' lang='lat' dir='ltr'><strong>THISBIl.</strong></span> 
     </span>
    </p>
   </div>
   <div class='ocr_carea' id='block_1_4' title="bbox 112 940 1008 2506">
    <p class='ocr_par' dir='ltr' id='par_1_4' title="bbox 112 940 998 1083">
     <span class='ocr_line' id='line_1_4' title="bbox 113 940 998 1013; baseline -0.014 -11"><span class='ocrx_word' id='word_1_10' title='bbox 113 947 245 1003; x_wconf 72' lang='lat' dir='ltr'><strong>Prorutis</strong></span> <span class='ocrx_word' id='word_1_11' title='bbox 256 952 284 998; x_wconf 88' lang='lat' dir='ltr'><strong>et</strong></span> <span class='ocrx_word' id='word_1_12' title='bbox 295 944 404 1013; x_wconf 85' lang='lat' dir='ltr'>Thisbe,</span> <span class='ocrx_word' id='word_1_13' title='bbox 417 943 547 1013; x_wconf 84' lang='lat' dir='ltr'><strong>juvenum</strong></span> <span class='ocrx_word' id='word_1_14' title='bbox 559 940 756 1012; x_wconf 89' lang='lat' dir='ltr'><strong>pulcherrimus</strong></span> <span class='ocrx_word' id='word_1_15' title='bbox 767 940 844 1010; x_wconf 80' lang='lat' dir='ltr'><strong>alter,</strong></span> <span class='ocrx_word' id='word_1_16' title='bbox 966 943 998 991; x_wconf 83' lang='lat'><strong>55</strong></span> 
     </span>
     <span class='ocr_line' id='line_1_5' title="bbox 112 1009 762 1083; baseline -0.009 -15"><span class='ocrx_word' id='word_1_17' title='bbox 112 1017 214 1083; x_wconf 78' lang='lat' dir='ltr'><strong>Altera,</strong></span> <span class='ocrx_word' id='word_1_18' title='bbox 227 1030 294 1083; x_wconf 89' lang='lat' dir='ltr'><strong>quas</strong></span> <span class='ocrx_word' id='word_1_19' title='bbox 306 1015 399 1066; x_wconf 80' lang='lat' dir='ltr'><strong>Oriens</strong></span> <span class='ocrx_word' id='word_1_20' title='bbox 411 1012 512 1080; x_wconf 89' lang='lat' dir='ltr'><strong>habuit,</strong></span> <span class='ocrx_word' id='word_1_21' title='bbox 525 1011 645 1080; x_wconf 86' lang='lat' dir='ltr'><strong>praelata</strong></span> <span class='ocrx_word' id='word_1_22' title='bbox 656 1009 762 1078; x_wconf 77' lang='lat' dir='ltr'>puellis,</span> 
     </span>
    </p>

    <p class='ocr_par' dir='ltr' id='par_1_5' title="bbox 115 1078 756 1151">
     <span class='ocr_line' id='line_1_6' title="bbox 115 1078 756 1151; baseline -0.011 -15"><span class='ocrx_word' id='word_1_23' title='bbox 115 1084 257 1151; x_wconf 83' lang='lat' dir='ltr'><strong>Contiguus</strong></span> <span class='ocrx_word' id='word_1_24' title='bbox 268 1091 378 1134; x_wconf 91' lang='lat' dir='ltr'><strong>tenuere</strong></span> <span class='ocrx_word' id='word_1_25' title='bbox 391 1082 492 1150; x_wconf 85' lang='lat' dir='ltr'><strong>domos,</strong></span> <span class='ocrx_word' id='word_1_26' title='bbox 506 1081 553 1133; x_wconf 93' lang='lat' dir='ltr'><strong>ubi</strong></span> <span class='ocrx_word' id='word_1_27' title='bbox 565 1079 662 1131; x_wconf 90' lang='lat' dir='ltr'><strong>dicitur</strong></span> <span class='ocrx_word' id='word_1_28' title='bbox 673 1078 756 1130; x_wconf 87' lang='lat' dir='ltr'><strong>altam</strong></span> 
     </span>
    </p>

    <p class='ocr_par' dir='ltr' id='par_1_6' title="bbox 116 1147 768 1206">
     <span class='ocr_line' id='line_1_7' title="bbox 116 1147 768 1206; baseline -0.009 -2"><span class='ocrx_word' id='word_1_29' title='bbox 116 1151 262 1206; x_wconf 82' lang='lat' dir='ltr'><strong>coctilibus</strong></span> <span class='ocrx_word' id='word_1_30' title='bbox 273 1151 357 1203; x_wconf 93' lang='lat' dir='ltr'><strong>muris</strong></span> <span class='ocrx_word' id='word_1_31' title='bbox 369 1150 483 1202; x_wconf 79' lang='lat' dir='ltr'>cinxisse</span> <span class='ocrx_word' id='word_1_32' title='bbox 496 1148 652 1201; x_wconf 84' lang='lat' dir='ltr'><strong>Semiramis</strong></span> <span class='ocrx_word' id='word_1_33' title='bbox 664 1147 768 1199; x_wconf 86' lang='lat' dir='ltr'><strong>urbem.</strong></span> 
     </span>
    </p>

    <p class='ocr_par' dir='ltr' id='par_1_7' title="bbox 114 1215 714 1288">
     <span class='ocr_line' id='line_1_8' title="bbox 114 1215 714 1288; baseline -0.01 -15"><span class='ocrx_word' id='word_1_34' title='bbox 114 1219 245 1273; x_wconf 73' lang='lat' dir='ltr'><strong>Notitiam</strong></span> <span class='ocrx_word' id='word_1_35' title='bbox 257 1219 408 1288; x_wconf 87' lang='lat' dir='ltr'><strong>primosque</strong></span> <span class='ocrx_word' id='word_1_36' title='bbox 420 1217 518 1284; x_wconf 88' lang='lat' dir='ltr'><strong>gradus</strong></span> <span class='ocrx_word' id='word_1_37' title='bbox 531 1218 628 1269; x_wconf 86' lang='lat' dir='ltr'><strong>vicinia</strong></span> <span class='ocrx_word' id='word_1_38' title='bbox 640 1215 714 1278; x_wconf 87' lang='lat' dir='ltr'><strong>fecit,</strong></span> 
     </span>
    </p>

    <p class='ocr_par' dir='ltr' id='par_1_8' title="bbox 116 1283 892 1356">
     <span class='ocr_line' id='line_1_9' title="bbox 116 1283 892 1356; baseline -0.005 -16"><span class='ocrx_word' id='word_1_39' title='bbox 116 1289 249 1356; x_wconf 83' lang='lat' dir='ltr'><strong>Tempore</strong></span> <span class='ocrx_word' id='word_1_40' title='bbox 261 1288 344 1338; x_wconf 86' lang='lat' dir='ltr'><strong>crevit</strong></span> <span class='ocrx_word' id='word_1_41' title='bbox 355 1302 443 1338; x_wconf 90' lang='lat' dir='ltr'><strong>amor:</strong></span> <span class='ocrx_word' id='word_1_42' title='bbox 463 1284 559 1337; x_wconf 88' lang='lat' dir='ltr'><strong>taedae</strong></span> <span class='ocrx_word' id='word_1_43' title='bbox 571 1301 676 1353; x_wconf 91' lang='lat' dir='ltr'><strong>quoque</strong></span> <span class='ocrx_word' id='word_1_44' title='bbox 687 1284 746 1354; x_wconf 86' lang='lat' dir='ltr'><strong>jure</strong></span> <span class='ocrx_word' id='word_1_45' title='bbox 758 1283 892 1353; x_wconf 86' lang='lat' dir='ltr'><strong>coissent;</strong></span> 
     </span>
    </p>

    <p class='ocr_par' dir='ltr' id='par_1_9' title="bbox 115 1352 817 1424">
     <span class='ocr_line' id='line_1_10' title="bbox 115 1352 817 1424; baseline -0.007 -15"><span class='ocrx_word' id='word_1_46' title='bbox 115 1356 168 1410; x_wconf 87' lang='lat' dir='ltr'><strong>Sed</strong></span> <span class='ocrx_word' id='word_1_47' title='bbox 181 1364 291 1407; x_wconf 87' lang='lat' dir='ltr'><strong>vetuere</strong></span> <span class='ocrx_word' id='word_1_48' title='bbox 303 1362 400 1424; x_wconf 88' lang='lat' dir='ltr'><strong>patres.</strong></span> <span class='ocrx_word' id='word_1_49' title='bbox 439 1352 517 1412; x_wconf 84' lang='lat' dir='ltr'><strong>Quod</strong></span> <span class='ocrx_word' id='word_1_50' title='bbox 530 1370 583 1405; x_wconf 90' lang='lat' dir='ltr'><strong>non</strong></span> <span class='ocrx_word' id='word_1_51' title='bbox 630 1362 704 1405; x_wconf 87' lang='lat' dir='ltr'><strong>tuere</strong></span> <span class='ocrx_word' id='word_1_52' title='bbox 717 1361 817 1422; x_wconf 84' lang='lat' dir='ltr'><strong>vetare,</strong></span> 
     </span>
    </p>

    <p class='ocr_par' dir='ltr' id='par_1_10' title="bbox 116 1371 744 1492">
     <span class='ocr_line' id='line_1_11' title="bbox 116 1371 744 1492; baseline -0.008 -14"><span class='ocrx_word' id='word_1_53' title='bbox 116 1425 159 1478; x_wconf 82' lang='lat' dir='ltr'><strong>Ex</strong></span> <span class='ocrx_word' id='word_1_54' title='bbox 170 1440 257 1492; x_wconf 90' lang='lat' dir='ltr'><strong>aequo</strong></span> <span class='ocrx_word' id='word_1_55' title='bbox 269 1423 355 1492; x_wconf 87' lang='lat' dir='ltr'><strong>captis</strong></span> <span class='ocrx_word' id='word_1_56' title='bbox 367 1422 495 1475; x_wconf 85' lang='lat' dir='ltr'><strong>ardebant</strong></span> <span class='ocrx_word' id='word_1_57' title='bbox 507 1371 643 1474; x_wconf 59' lang='lat' dir='ltr'><strong>merulis</strong></span> <span class='ocrx_word' id='word_1_58' title='bbox 656 1422 744 1474; x_wconf 90' lang='lat' dir='ltr'><strong>ambo.</strong></span> 
     </span>
    </p>

    <p class='ocr_par' dir='ltr' id='par_1_11' title="bbox 116 1490 854 1559">
     <span class='ocr_line' id='line_1_12' title="bbox 116 1490 854 1559; baseline -0.008 -13"><span class='ocrx_word' id='word_1_59' title='bbox 116 1493 245 1546; x_wconf 80' lang='lat' dir='ltr'><strong>Conscius</strong></span> <span class='ocrx_word' id='word_1_60' title='bbox 256 1492 343 1545; x_wconf 92' lang='lat' dir='ltr'><strong>omnis</strong></span> <span class='ocrx_word' id='word_1_61' title='bbox 354 1491 446 1544; x_wconf 88' lang='lat' dir='ltr'><strong>abest:</strong></span> <span class='ocrx_word' id='word_1_62' title='bbox 466 1499 532 1543; x_wconf 90' lang='lat' dir='ltr'><strong>nutu</strong></span> <span class='ocrx_word' id='word_1_63' title='bbox 545 1491 683 1559; x_wconf 83' lang='lat' dir='ltr'><strong>signisque</strong></span> <span class='ocrx_word' id='word_1_64' title='bbox 695 1490 839 1558; x_wconf 89' lang='lat' dir='ltr'><strong>loquuntur</strong></span> <span class='ocrx_word' id='word_1_65' title='bbox 846 1505 854 1557; x_wconf 82' lang='lat'>3</span> 
     </span>
    </p>

    <p class='ocr_par' dir='ltr' id='par_1_12' title="bbox 117 1557 1004 1768">
     <span class='ocr_line' id='line_1_13' title="bbox 118 1557 992 1630; baseline -0.006 -15"><span class='ocrx_word' id='word_1_66' title='bbox 118 1563 230 1630; x_wconf 82' lang='lat' dir='ltr'><strong>Quoque</strong></span> <span class='ocrx_word' id='word_1_67' title='bbox 242 1560 329 1630; x_wconf 88' lang='lat' dir='ltr'><strong>magis</strong></span> <span class='ocrx_word' id='word_1_68' title='bbox 340 1562 444 1628; x_wconf 84' lang='lat' dir='ltr'><strong>tegitur,</strong></span> <span class='ocrx_word' id='word_1_69' title='bbox 457 1568 545 1612; x_wconf 90' lang='lat' dir='ltr'><strong>tectus</strong></span> <span class='ocrx_word' id='word_1_70' title='bbox 556 1559 643 1626; x_wconf 83' lang='lat' dir='ltr'><strong>magis</strong></span> <span class='ocrx_word' id='word_1_71' title='bbox 655 1565 761 1628; x_wconf 86' lang='lat' dir='ltr'><strong>aestuat</strong></span> <span class='ocrx_word' id='word_1_72' title='bbox 773 1557 851 1626; x_wconf 86' lang='lat' dir='ltr'><strong>ignis.</strong></span> <span class='ocrx_word' id='word_1_73' title='bbox 990 1605 992 1610; x_wconf 89' lang='lat'><em>.</em></span> 
     </span>
     <span class='ocr_line' id='line_1_14' title="bbox 117 1627 1004 1696; baseline -0.007 -13"><span class='ocrx_word' id='word_1_74' title='bbox 117 1630 209 1683; x_wconf 85' lang='lat' dir='ltr'><strong>Fissus</strong></span> <span class='ocrx_word' id='word_1_75' title='bbox 222 1639 277 1682; x_wconf 89' lang='lat' dir='ltr'><strong>erat</strong></span> <span class='ocrx_word' id='word_1_76' title='bbox 291 1629 364 1682; x_wconf 89' lang='lat' dir='ltr'><strong>tenui</strong></span> <span class='ocrx_word' id='word_1_77' title='bbox 376 1629 451 1690; x_wconf 70' lang='lat' dir='ltr'><strong>rima,</strong></span> <span class='ocrx_word' id='word_1_78' title='bbox 463 1644 544 1696; x_wconf 86' lang='lat' dir='ltr'><strong>quam</strong></span> <span class='ocrx_word' id='word_1_79' title='bbox 557 1627 669 1679; x_wconf 85' lang='lat' dir='ltr'><strong>duxerat</strong></span> <span class='ocrx_word' id='word_1_80' title='bbox 681 1627 754 1696; x_wconf 81' lang='lat' dir='ltr'><strong>olim,</strong></span> <span class='ocrx_word' id='word_1_81' title='bbox 970 1629 1004 1677; x_wconf 85' lang='grc'><strong>65</strong></span> 
     </span>
     <span class='ocr_line' id='line_1_15' title="bbox 117 1695 784 1768; baseline -0.006 -18"><span class='ocrx_word' id='word_1_82' title='bbox 117 1699 186 1750; x_wconf 90' lang='lat' dir='ltr'><strong>Cum</strong></span> <span class='ocrx_word' id='word_1_83' title='bbox 198 1699 282 1768; x_wconf 83' lang='lat' dir='ltr'><strong>lieret,</strong></span> <span class='ocrx_word' id='word_1_84' title='bbox 297 1698 385 1766; x_wconf 88' lang='lat' dir='ltr'><strong>paries</strong></span> <span class='ocrx_word' id='word_1_85' title='bbox 396 1697 487 1749; x_wconf 89' lang='lat' dir='ltr'><strong>domui</strong></span> <span class='ocrx_word' id='word_1_86' title='bbox 500 1695 650 1748; x_wconf 91' lang='lat' dir='ltr'><strong>communis</strong></span> <span class='ocrx_word' id='word_1_87' title='bbox 663 1697 784 1763; x_wconf 88' lang='lat' dir='ltr'><strong>utrique:</strong></span> 
     </span>
    </p>

    <p class='ocr_par' dir='ltr' id='par_1_13' title="bbox 117 1765 774 1834">
     <span class='ocr_line' id='line_1_16' title="bbox 117 1765 774 1834; baseline -0.003 -17"><span class='ocrx_word' id='word_1_88' title='bbox 117 1765 148 1818; x_wconf 94' lang='lat' dir='ltr'><strong>ld</strong></span> <span class='ocrx_word' id='word_1_89' title='bbox 161 1766 257 1818; x_wconf 84' lang='lat' dir='ltr'><strong>vitium</strong></span> <span class='ocrx_word' id='word_1_90' title='bbox 268 1766 334 1818; x_wconf 89' lang='lat' dir='ltr'><strong>nulli</strong></span> <span class='ocrx_word' id='word_1_91' title='bbox 346 1782 393 1834; x_wconf 88' lang='lat' dir='ltr'><strong>per</strong></span> <span class='ocrx_word' id='word_1_92' title='bbox 406 1765 514 1818; x_wconf 90' lang='lat' dir='ltr'><strong>saecula</strong></span> <span class='ocrx_word' id='word_1_93' title='bbox 525 1765 605 1831; x_wconf 85' lang='lat' dir='ltr'><strong>longa</strong></span> <span class='ocrx_word' id='word_1_94' title='bbox 616 1772 774 1816; x_wconf 87' lang='lat' dir='ltr'><strong>notatum-</strong></span> 
     </span>
    </p>

    <p class='ocr_par' dir='ltr' id='par_1_14' title="bbox 118 1832 823 1902">
     <span class='ocr_line' id='line_1_17' title="bbox 118 1832 823 1902; baseline -0.003 -16"><span class='ocrx_word' id='word_1_95' title='bbox 118 1832 189 1892; x_wconf 85' lang='lat' dir='ltr'><strong>Quid</strong></span> <span class='ocrx_word' id='word_1_96' title='bbox 202 1849 254 1886; x_wconf 88' lang='lat' dir='ltr'><strong>non</strong></span> <span class='ocrx_word' id='word_1_97' title='bbox 266 1835 345 1886; x_wconf 86' lang='lat' dir='ltr'><strong>sentit</strong></span> <span class='ocrx_word' id='word_1_98' title='bbox 357 1834 563 1902; x_wconf 65' lang='lat' dir='ltr'><strong>amori-primi</strong></span> <span class='ocrx_word' id='word_1_99' title='bbox 577 1832 680 1884; x_wconf 87' lang='lat' dir='ltr'><strong>vidistis</strong></span> <span class='ocrx_word' id='word_1_100' title='bbox 691 1841 823 1902; x_wconf 87' lang='lat' dir='ltr'><strong>amantes,</strong></span> 
     </span>
    </p>

    <p class='ocr_par' dir='ltr' id='par_1_15' title="bbox 118 1901 701 1970">
     <span class='ocr_line' id='line_1_18' title="bbox 118 1901 701 1970; baseline -0.005 -15"><span class='ocrx_word' id='word_1_101' title='bbox 118 1903 154 1955; x_wconf 91' lang='lat' dir='ltr'><strong>Et</strong></span> <span class='ocrx_word' id='word_1_102' title='bbox 167 1902 241 1955; x_wconf 85' lang='lat' dir='ltr'><strong>vocis</strong></span> <span class='ocrx_word' id='word_1_103' title='bbox 253 1902 357 1955; x_wconf 85' lang='lat' dir='ltr'><strong>lecistis</strong></span> <span class='ocrx_word' id='word_1_104' title='bbox 369 1903 425 1970; x_wconf 85' lang='lat' dir='ltr'><strong>iter,</strong></span> <span class='ocrx_word' id='word_1_105' title='bbox 440 1911 566 1970; x_wconf 88' lang='lat' dir='ltr'><strong>tutaeque</strong></span> <span class='ocrx_word' id='word_1_106' title='bbox 578 1917 626 1970; x_wconf 87' lang='lat' dir='ltr'><strong>per</strong></span> <span class='ocrx_word' id='word_1_107' title='bbox 637 1901 701 1953; x_wconf 92' lang='lat' dir='ltr'><strong>illud</strong></span> 
     </span>
    </p>

    <p class='ocr_par' dir='ltr' id='par_1_16' title="bbox 118 1969 1007 2108">
     <span class='ocr_line' id='line_1_19' title="bbox 118 1969 1007 2024; baseline -0.002 -1"><span class='ocrx_word' id='word_1_108' title='bbox 118 1971 258 2024; x_wconf 84' lang='lat' dir='ltr'><strong>Murmure</strong></span> <span class='ocrx_word' id='word_1_109' title='bbox 270 1971 416 2024; x_wconf 84' lang='lat' dir='ltr'><strong>blanditiae</strong></span> <span class='ocrx_word' id='word_1_110' title='bbox 428 1971 539 2023; x_wconf 89' lang='lat' dir='ltr'><strong>minimo</strong></span> <span class='ocrx_word' id='word_1_111' title='bbox 552 1970 661 2022; x_wconf 88' lang='lat' dir='ltr'><strong>transire</strong></span> <span class='ocrx_word' id='word_1_112' title='bbox 675 1969 805 2022; x_wconf 88' lang='lat' dir='ltr'><strong>solebant.</strong></span> <span class='ocrx_word' id='word_1_113' title='bbox 971 1974 1007 2022; x_wconf 86' lang='grc'><strong>70</strong></span> 
     </span>
     <span class='ocr_line' id='line_1_20' title="bbox 119 2036 873 2108; baseline -0.001 -18"><span class='ocrx_word' id='word_1_114' title='bbox 119 2039 220 2108; x_wconf 70' lang='lat' dir='ltr'><strong>Saepe„</strong></span> <span class='ocrx_word' id='word_1_115' title='bbox 227 2047 255 2090; x_wconf 90' lang='lat' dir='ltr'><strong>ut</strong></span> <span class='ocrx_word' id='word_1_116' title='bbox 268 2040 438 2091; x_wconf 77' lang='lat' dir='ltr'><strong>constiterant</strong></span> <span class='ocrx_word' id='word_1_117' title='bbox 450 2039 512 2092; x_wconf 90' lang='lat' dir='ltr'><strong>hinc</strong></span> <span class='ocrx_word' id='word_1_118' title='bbox 524 2038 635 2099; x_wconf 86' lang='lat' dir='ltr'><strong>Thisbe,</strong></span> <span class='ocrx_word' id='word_1_119' title='bbox 647 2039 780 2108; x_wconf 86' lang='lat' dir='ltr'><strong>Pyramus</strong></span> <span class='ocrx_word' id='word_1_120' title='bbox 792 2036 873 2101; x_wconf 88' lang='lat' dir='ltr'><strong>illinc,</strong></span> 
     </span>
    </p>

    <p class='ocr_par' dir='ltr' id='par_1_17' title="bbox 117 2106 738 2176">
     <span class='ocr_line' id='line_1_21' title="bbox 117 2106 738 2176; baseline -0.003 -16"><span class='ocrx_word' id='word_1_121' title='bbox 117 2107 202 2174; x_wconf 91' lang='lat' dir='ltr'><strong>lnque</strong></span> <span class='ocrx_word' id='word_1_122' title='bbox 214 2107 289 2159; x_wconf 87' lang='lat' dir='ltr'><strong>vices</strong></span> <span class='ocrx_word' id='word_1_123' title='bbox 301 2107 387 2159; x_wconf 87' lang='lat' dir='ltr'><strong>suerat</strong></span> <span class='ocrx_word' id='word_1_124' title='bbox 398 2115 521 2176; x_wconf 81' lang='lat' dir='ltr'><strong>captatus</strong></span> <span class='ocrx_word' id='word_1_125' title='bbox 532 2106 667 2159; x_wconf 87' lang='lat' dir='ltr'><strong>anhelitus</strong></span> <span class='ocrx_word' id='word_1_126' title='bbox 678 2107 738 2167; x_wconf 88' lang='lat' dir='ltr'><strong>oris,</strong></span> 
     </span>
    </p>

    <p class='ocr_par' dir='ltr' id='par_1_18' title="bbox 119 2174 874 2314">
     <span class='ocr_line' id='line_1_22' title="bbox 119 2174 874 2245; baseline -0.003 -18"><span class='ocrx_word' id='word_1_127' title='bbox 119 2174 245 2227; x_wconf 79' lang='lat' dir='ltr'><strong>‘invide’</strong></span> <span class='ocrx_word' id='word_1_128' title='bbox 259 2175 384 2228; x_wconf 89' lang='lat' dir='ltr'><strong>dicebant</strong></span> <span class='ocrx_word' id='word_1_129' title='bbox 397 2176 507 2245; x_wconf 68' lang='lat' dir='ltr'><strong>‘paries</strong></span> <span class='ocrx_word' id='word_1_130' title='bbox 520 2176 586 2245; x_wconf 91' lang='lat' dir='ltr'><strong>quid</strong></span> <span class='ocrx_word' id='word_1_131' title='bbox 597 2175 750 2229; x_wconf 89' lang='lat' dir='ltr'><strong>amantibus</strong></span> <span class='ocrx_word' id='word_1_132' title='bbox 761 2175 874 2228; x_wconf 74' lang='lat' dir='ltr'><strong>obstasl</strong></span> 
     </span>
     <span class='ocr_line' id='line_1_23' title="bbox 119 2243 835 2314; baseline -0.003 -18"><span class='ocrx_word' id='word_1_133' title='bbox 119 2243 255 2300; x_wconf 84' lang='lat' dir='ltr'><strong>Quantum</strong></span> <span class='ocrx_word' id='word_1_134' title='bbox 269 2253 333 2312; x_wconf 87' lang='lat' dir='ltr'><strong>erat,</strong></span> <span class='ocrx_word' id='word_1_135' title='bbox 347 2252 375 2297; x_wconf 90' lang='lat' dir='ltr'><strong>ut</strong></span> <span class='ocrx_word' id='word_1_136' title='bbox 388 2246 488 2297; x_wconf 87' lang='lat' dir='ltr'><strong>sineres</strong></span> <span class='ocrx_word' id='word_1_137' title='bbox 500 2262 548 2297; x_wconf 92' lang='lat' dir='ltr'><strong>nos</strong></span> <span class='ocrx_word' id='word_1_138' title='bbox 560 2252 613 2296; x_wconf 88' lang='lat' dir='ltr'><strong>toto</strong></span> <span class='ocrx_word' id='word_1_139' title='bbox 626 2260 733 2314; x_wconf 92' lang='lat' dir='ltr'><strong>corpore</strong></span> <span class='ocrx_word' id='word_1_140' title='bbox 744 2243 819 2312; x_wconf 87' lang='lat' dir='ltr'><strong>jungi</strong></span> <span class='ocrx_word' id='word_1_141' title='bbox 827 2260 835 2310; x_wconf 82' lang='lat'>3</span> 
     </span>
    </p>

    <p class='ocr_par' dir='ltr' id='par_1_19' title="bbox 117 2311 1008 2450">
     <span class='ocr_line' id='line_1_24' title="bbox 117 2311 1008 2381; baseline 0 -16"><span class='ocrx_word' id='word_1_142' title='bbox 117 2314 173 2365; x_wconf 80' lang='lat' dir='ltr'><strong>Aut</strong></span> <span class='ocrx_word' id='word_1_143' title='bbox 185 2311 236 2364; x_wconf 92' lang='lat' dir='ltr'><strong>hoc</strong></span> <span class='ocrx_word' id='word_1_144' title='bbox 249 2311 271 2364; x_wconf 92' lang='lat' dir='ltr'><strong>si</strong></span> <span class='ocrx_word' id='word_1_145' title='bbox 283 2312 406 2376; x_wconf 90' lang='lat' dir='ltr'><strong>nimium,</strong></span> <span class='ocrx_word' id='word_1_146' title='bbox 420 2313 462 2365; x_wconf 88' lang='lat' dir='ltr'><strong>vel</strong></span> <span class='ocrx_word' id='word_1_147' title='bbox 474 2313 509 2365; x_wconf 88' lang='lat' dir='ltr'><strong>ad</strong></span> <span class='ocrx_word' id='word_1_148' title='bbox 522 2313 613 2365; x_wconf 89' lang='lat' dir='ltr'><strong>oscula</strong></span> <span class='ocrx_word' id='word_1_149' title='bbox 625 2312 713 2365; x_wconf 87' lang='lat' dir='ltr'><strong>danda</strong></span> <span class='ocrx_word' id='word_1_150' title='bbox 724 2311 848 2381; x_wconf 86' lang='lat' dir='ltr'><strong>pateres!</strong></span> <span class='ocrx_word' id='word_1_151' title='bbox 970 2317 1008 2365; x_wconf 86' lang='grc'><strong>75</strong></span> 
     </span>
     <span class='ocr_line' id='line_1_25' title="bbox 117 2381 782 2450; baseline 0 -18"><span class='ocrx_word' id='word_1_152' title='bbox 117 2381 177 2433; x_wconf 91' lang='lat' dir='ltr'><strong>Nec</strong></span> <span class='ocrx_word' id='word_1_153' title='bbox 190 2397 285 2433; x_wconf 88' lang='lat' dir='ltr'><strong>sumus</strong></span> <span class='ocrx_word' id='word_1_154' title='bbox 296 2381 408 2450; x_wconf 85' lang='lat' dir='ltr'><strong>ingrati:</strong></span> <span class='ocrx_word' id='word_1_155' title='bbox 427 2382 474 2434; x_wconf 90' lang='lat' dir='ltr'><strong>tibi</strong></span> <span class='ocrx_word' id='word_1_156' title='bbox 488 2399 535 2433; x_wconf 90' lang='lat' dir='ltr'><strong>nos</strong></span> <span class='ocrx_word' id='word_1_157' title='bbox 548 2381 647 2435; x_wconf 90' lang='lat' dir='ltr'><strong>debere</strong></span> <span class='ocrx_word' id='word_1_158' title='bbox 659 2382 782 2449; x_wconf 83' lang='lat' dir='ltr'><strong>fatemur,</strong></span> 
     </span>
    </p>

    <p class='ocr_par' dir='ltr' id='par_1_20' title="bbox 118 2448 846 2506">
     <span class='ocr_line' id='line_1_26' title="bbox 118 2448 846 2506; baseline -0.008 0"><span class='ocrx_word' id='word_1_159' title='bbox 118 2449 195 2506; x_wconf 80' lang='lat' dir='ltr'><strong>Quod</strong></span> <span class='ocrx_word' id='word_1_160' title='bbox 208 2448 286 2501; x_wconf 90' lang='lat' dir='ltr'><strong>datus</strong></span> <span class='ocrx_word' id='word_1_161' title='bbox 298 2463 339 2502; x_wconf 89' lang='lat' dir='ltr'><strong>est</strong></span> <span class='ocrx_word' id='word_1_162' title='bbox 351 2450 440 2503; x_wconf 85' lang='lat' dir='ltr'><strong>verbis</strong></span> <span class='ocrx_word' id='word_1_163' title='bbox 451 2451 486 2503; x_wconf 88' lang='lat' dir='ltr'><strong>ad</strong></span> <span class='ocrx_word' id='word_1_164' title='bbox 498 2450 600 2502; x_wconf 87' lang='lat' dir='ltr'><strong>arnicas</strong></span> <span class='ocrx_word' id='word_1_165' title='bbox 612 2450 736 2502; x_wconf 87' lang='lat' dir='ltr'><strong>transitus</strong></span> <span class='ocrx_word' id='word_1_166' title='bbox 747 2449 846 2501; x_wconf 74' lang='lat' dir='ltr'><strong>aures.²</strong></span> 
     </span>
    </p>
   </div>
   <div class='ocr_carea' id='block_1_5' title="bbox 83 2606 1009 3422">
    <p class='ocr_par' dir='ltr' id='par_1_21' title="bbox 83 2606 1009 3422">
     <span class='ocr_line' id='line_1_27' title="bbox 115 2606 1009 2674; baseline 0.003 -21"><span class='ocrx_word' id='word_1_167' title='bbox 115 2610 154 2674; x_wconf 49' lang='lat'><strong>57:</strong></span> <span class='ocrx_word' id='word_1_168' title='bbox 172 2608 383 2656; x_wconf 83' lang='lat' dir='ltr'><strong>Altam-urbem.</strong></span> <span class='ocrx_word' id='word_1_169' title='bbox 415 2608 470 2657; x_wconf 92' lang='lat' dir='ltr'><strong>The</strong></span> <span class='ocrx_word' id='word_1_170' title='bbox 484 2618 552 2668; x_wconf 86' lang='lat' dir='ltr'><strong>story</strong></span> <span class='ocrx_word' id='word_1_171' title='bbox 563 2609 591 2656; x_wconf 85' lang='lat' dir='ltr'><strong>ol&#39;</strong></span> <span class='ocrx_word' id='word_1_172' title='bbox 602 2608 643 2656; x_wconf 88' lang='lat' dir='ltr'><strong>the</strong></span> <span class='ocrx_word' id='word_1_173' title='bbox 654 2608 795 2656; x_wconf 85' lang='lat' dir='ltr'><strong>foundation</strong></span> <span class='ocrx_word' id='word_1_174' title='bbox 807 2606 836 2654; x_wconf 85' lang='lat' dir='ltr'><strong>of</strong></span> <span class='ocrx_word' id='word_1_175' title='bbox 847 2606 1009 2669; x_wconf 84' lang='lat' dir='ltr'><strong>Babylonby</strong></span> 
     </span>
     <span class='ocr_line' id='line_1_28' title="bbox 85 2663 1008 2720; baseline 0.005 -10"><span class='ocrx_word' id='word_1_176' title='bbox 85 2663 227 2714; x_wconf 82' lang='lat' dir='ltr'><strong>Semiramis</strong></span> <span class='ocrx_word' id='word_1_177' title='bbox 240 2666 324 2714; x_wconf 88' lang='lat' dir='ltr'><strong>iswell</strong></span> <span class='ocrx_word' id='word_1_178' title='bbox 336 2667 434 2715; x_wconf 88' lang='lat' dir='ltr'><strong>known.</strong></span> <span class='ocrx_word' id='word_1_179' title='bbox 466 2667 521 2714; x_wconf 90' lang='lat' dir='ltr'><strong>The</strong></span> <span class='ocrx_word' id='word_1_180' title='bbox 532 2667 601 2714; x_wconf 86' lang='lat' dir='ltr'><strong>walls</strong></span> <span class='ocrx_word' id='word_1_181' title='bbox 613 2683 676 2714; x_wconf 87' lang='lat' dir='ltr'><strong>were</strong></span> <span class='ocrx_word' id='word_1_182' title='bbox 688 2666 749 2714; x_wconf 88' lang='lat' dir='ltr'><strong>built</strong></span> <span class='ocrx_word' id='word_1_183' title='bbox 759 2665 786 2713; x_wconf 88' lang='lat' dir='ltr'><strong>os</strong></span> <span class='ocrx_word' id='word_1_184' title='bbox 794 2665 886 2720; x_wconf 87' lang='lat' dir='ltr'><strong>bricks‚</strong></span> <span class='ocrx_word' id='word_1_185' title='bbox 900 2666 1008 2715; x_wconf 89' lang='lat' dir='ltr'><strong>because</strong></span> 
     </span>
     <span class='ocr_line' id='line_1_29' title="bbox 84 2720 1006 2791; baseline 0.008 -25"><span class='ocrx_word' id='word_1_186' title='bbox 84 2720 154 2769; x_wconf 87' lang='lat' dir='ltr'><strong>there</strong></span> <span class='ocrx_word' id='word_1_187' title='bbox 171 2739 212 2791; x_wconf 81' lang='lat' dir='ltr'><strong>are</strong></span> <span class='ocrx_word' id='word_1_188' title='bbox 228 2739 259 2772; x_wconf 91' lang='lat' dir='ltr'><strong>no</strong></span> <span class='ocrx_word' id='word_1_189' title='bbox 270 2726 378 2783; x_wconf 88' lang='lat' dir='ltr'><strong>quarries</strong></span> <span class='ocrx_word' id='word_1_190' title='bbox 390 2727 414 2772; x_wconf 91' lang='lat' dir='ltr'><strong>in</strong></span> <span class='ocrx_word' id='word_1_191' title='bbox 426 2725 467 2772; x_wconf 92' lang='lat' dir='ltr'><strong>the</strong></span> <span class='ocrx_word' id='word_1_192' title='bbox 480 2724 542 2772; x_wconf 87' lang='lat' dir='ltr'><strong>wide</strong></span> <span class='ocrx_word' id='word_1_193' title='bbox 553 2726 618 2783; x_wconf 88' lang='lat' dir='ltr'><strong>plain</strong></span> <span class='ocrx_word' id='word_1_194' title='bbox 629 2724 657 2771; x_wconf 80' lang='lat' dir='ltr'><strong>of</strong></span> <span class='ocrx_word' id='word_1_195' title='bbox 670 2725 881 2783; x_wconf 79' lang='lat' dir='ltr'><strong>Babylonia-59.</strong></span> <span class='ocrx_word' id='word_1_196' title='bbox 896 2723 1006 2781; x_wconf 82' lang='lat' dir='ltr'><strong>Gradus.</strong></span> 
     </span>
     <span class='ocr_line' id='line_1_30' title="bbox 85 2781 1008 2841; baseline 0.007 -17"><span class='ocrx_word' id='word_1_197' title='bbox 85 2793 120 2824; x_wconf 84' lang='lat' dir='ltr'><strong>sc.</strong></span> <span class='ocrx_word' id='word_1_198' title='bbox 138 2787 316 2828; x_wconf 77' lang='lat' dir='ltr'><strong>amorra-60.</strong></span> <span class='ocrx_word' id='word_1_199' title='bbox 338 2783 430 2829; x_wconf 85' lang='lat' dir='ltr'><strong>Taedae</strong></span> <span class='ocrx_word' id='word_1_200' title='bbox 439 2785 505 2841; x_wconf 81' lang='lat' dir='ltr'><strong>jure.</strong></span> <span class='ocrx_word' id='word_1_201' title='bbox 538 2782 598 2828; x_wconf 87' lang='lat' dir='ltr'><strong>Pina</strong></span> <span class='ocrx_word' id='word_1_202' title='bbox 616 2783 712 2829; x_wconf 83' lang='lat' dir='ltr'><strong>torchea</strong></span> <span class='ocrx_word' id='word_1_203' title='bbox 729 2797 793 2829; x_wconf 86' lang='lat' dir='ltr'><strong>were</strong></span> <span class='ocrx_word' id='word_1_204' title='bbox 810 2781 901 2830; x_wconf 86' lang='lat' dir='ltr'><strong>carried</strong></span> <span class='ocrx_word' id='word_1_205' title='bbox 922 2783 1008 2830; x_wconf 89' lang='lat' dir='ltr'><strong>before</strong></span> 
     </span>
     <span class='ocr_line' id='line_1_31' title="bbox 84 2835 1007 2894; baseline 0.009 -14"><span class='ocrx_word' id='word_1_206' title='bbox 84 2835 127 2882; x_wconf 89' lang='lat' dir='ltr'><strong>the</strong></span> <span class='ocrx_word' id='word_1_207' title='bbox 147 2838 344 2894; x_wconf 86' lang='lat' dir='ltr'><strong>newly-married</strong></span> <span class='ocrx_word' id='word_1_208' title='bbox 361 2840 416 2886; x_wconf 87' lang='lat' dir='ltr'><strong>wile</strong></span> <span class='ocrx_word' id='word_1_209' title='bbox 438 2854 469 2884; x_wconf 93' lang='lat' dir='ltr'><strong>on</strong></span> <span class='ocrx_word' id='word_1_210' title='bbox 487 2839 530 2885; x_wconf 88' lang='lat' dir='ltr'><strong>her</strong></span> <span class='ocrx_word' id='word_1_211' title='bbox 548 2854 585 2884; x_wconf 91' lang='lat' dir='ltr'><strong>wa</strong></span> <span class='ocrx_word' id='word_1_212' title='bbox 621 2849 646 2886; x_wconf 90' lang='lat' dir='ltr'><strong>to</strong></span> <span class='ocrx_word' id='word_1_213' title='bbox 663 2841 704 2887; x_wconf 90' lang='lat' dir='ltr'><strong>the</strong></span> <span class='ocrx_word' id='word_1_214' title='bbox 724 2841 800 2888; x_wconf 88' lang='lat' dir='ltr'><strong>house</strong></span> <span class='ocrx_word' id='word_1_215' title='bbox 817 2839 846 2887; x_wconf 80' lang='lat' dir='ltr'><strong>of</strong></span> <span class='ocrx_word' id='word_1_216' title='bbox 863 2840 905 2886; x_wconf 85' lang='lat' dir='ltr'><strong>the</strong></span> <span class='ocrx_word' id='word_1_217' title='bbox 924 2841 1007 2888; x_wconf 88' lang='lat' dir='ltr'><strong>bride·</strong></span> 
     </span>
     <span class='ocr_line' id='line_1_32' title="bbox 83 2855 1005 2969; baseline 0.008 -30"><span class='ocrx_word' id='word_1_218' title='bbox 83 2907 169 2960; x_wconf 80' lang='lat' dir='ltr'><strong>groom</strong></span> <span class='ocrx_word' id='word_1_219' title='bbox 180 2909 186 2949; x_wconf 88' lang='lat'><strong>;</strong></span> <span class='ocrx_word' id='word_1_220' title='bbox 197 2894 282 2960; x_wconf 36' lang='lat' dir='ltr'><strong>&#39;hence</strong></span> <span class='ocrx_word' id='word_1_221' title='bbox 299 2896 371 2943; x_wconf 86' lang='lat' dir='ltr'><strong>taeda</strong></span> <span class='ocrx_word' id='word_1_222' title='bbox 386 2896 422 2943; x_wconf 87' lang='lat' dir='ltr'><strong>for</strong></span> <span class='ocrx_word' id='word_1_223' title='bbox 437 2894 507 2942; x_wconf 85' lang='lat' dir='ltr'><strong>taeda</strong></span> <span class='ocrx_word' id='word_1_224' title='bbox 522 2855 622 2954; x_wconf 73' lang='lat' dir='ltr'><strong>jugalis,</strong></span> <span class='ocrx_word' id='word_1_225' title='bbox 640 2899 765 2969; x_wconf 75' lang='lat' dir='ltr'><strong>marriage.</strong></span> <span class='ocrx_word' id='word_1_226' title='bbox 773 2902 847 2969; x_wconf 41' lang='lat'><strong>&lt;⁶²</strong></span> <span class='ocrx_word' id='word_1_227' title='bbox 865 2897 905 2944; x_wconf 84' lang='lat' dir='ltr'><strong>Ea</strong></span> <span class='ocrx_word' id='word_1_228' title='bbox 920 2914 1005 2968; x_wconf 75' lang='lat' dir='ltr'><strong>aequo,</strong></span> 
     </span>
     <span class='ocr_line' id='line_1_33' title="bbox 84 2953 1009 3079; baseline 0.008 -24"><span class='ocrx_word' id='word_1_229' title='bbox 84 2953 1009 3079; x_wconf 49' lang='lat' dir='ltr'><strong>ltililuetlntltllssfttall,llqlangteltttlgaltltrn</strong></span> 
     </span>
     <span class='ocr_line' id='line_1_34' title="bbox 84 3066 1006 3129; baseline 0.005 -15"><span class='ocrx_word' id='word_1_230' title='bbox 84 3066 175 3114; x_wconf 80' lang='lat' dir='ltr'><strong>follow.</strong></span> <span class='ocrx_word' id='word_1_231' title='bbox 208 3067 307 3114; x_wconf 88' lang='lat' dir='ltr'><strong>Instead</strong></span> <span class='ocrx_word' id='word_1_232' title='bbox 329 3068 357 3115; x_wconf 86' lang='lat' dir='ltr'><strong>os</strong></span> <span class='ocrx_word' id='word_1_233' title='bbox 373 3068 422 3117; x_wconf 82' lang='lat' dir='ltr'><strong>this</strong></span> <span class='ocrx_word' id='word_1_234' title='bbox 444 3068 485 3115; x_wconf 90' lang='lat' dir='ltr'><strong>the</strong></span> <span class='ocrx_word' id='word_1_235' title='bbox 507 3079 562 3128; x_wconf 85' lang='lat' dir='ltr'><strong>poet</strong></span> <span class='ocrx_word' id='word_1_236' title='bbox 585 3081 680 3129; x_wconf 86' lang='lat' dir='ltr'><strong>repeats</strong></span> <span class='ocrx_word' id='word_1_237' title='bbox 702 3072 743 3119; x_wconf 88' lang='lat' dir='ltr'><strong>the</strong></span> <span class='ocrx_word' id='word_1_238' title='bbox 765 3074 824 3120; x_wconf 85' lang='lat' dir='ltr'><strong>verb</strong></span> <span class='ocrx_word' id='word_1_239' title='bbox 846 3072 874 3118; x_wconf 90' lang='lat' dir='ltr'><strong>of</strong></span> <span class='ocrx_word' id='word_1_240' title='bbox 891 3070 932 3118; x_wconf 90' lang='lat' dir='ltr'><strong>the</strong></span> <span class='ocrx_word' id='word_1_241' title='bbox 953 3071 1006 3120; x_wconf 86' lang='lat' dir='ltr'><strong>lirst</strong></span> 
     </span>
     <span class='ocr_line' id='line_1_35' title="bbox 85 3124 1006 3190; baseline 0.007 -18"><span class='ocrx_word' id='word_1_242' title='bbox 85 3124 177 3181; x_wconf 87' lang='lat' dir='ltr'><strong>clause,</strong></span> <span class='ocrx_word' id='word_1_243' title='bbox 189 3125 235 3172; x_wconf 87' lang='lat' dir='ltr'><strong>and</strong></span> <span class='ocrx_word' id='word_1_244' title='bbox 246 3124 318 3183; x_wconf 83' lang='lat' dir='ltr'><strong>drops</strong></span> <span class='ocrx_word' id='word_1_245' title='bbox 330 3127 370 3174; x_wconf 90' lang='lat' dir='ltr'><strong>the</strong></span> <span class='ocrx_word' id='word_1_246' title='bbox 381 3128 608 3186; x_wconf 86' lang='lat' dir='ltr'><strong>comparison.-65.</strong></span> <span class='ocrx_word' id='word_1_247' title='bbox 618 3129 690 3177; x_wconf 70' lang='lat' dir='ltr'><strong>Rima</strong></span> <span class='ocrx_word' id='word_1_248' title='bbox 700 3147 770 3190; x_wconf 84' lang='lat' dir='ltr'><strong>quam</strong></span> <span class='ocrx_word' id='word_1_249' title='bbox 779 3135 887 3178; x_wconf 78' lang='lat' dir='ltr'><strong>deserat.</strong></span> <span class='ocrx_word' id='word_1_250' title='bbox 906 3129 1006 3178; x_wconf 81' lang='lat' dir='ltr'><strong>Rimata</strong></span> 
     </span>
     <span class='ocr_line' id='line_1_36' title="bbox 85 3184 1008 3246; baseline 0.003 -14"><span class='ocrx_word' id='word_1_251' title='bbox 85 3184 174 3232; x_wconf 90' lang='lat' dir='ltr'><strong>ducere</strong></span> <span class='ocrx_word' id='word_1_252' title='bbox 191 3199 218 3231; x_wconf 88' lang='lat' dir='ltr'><strong>or</strong></span> <span class='ocrx_word' id='word_1_253' title='bbox 236 3198 307 3242; x_wconf 85' lang='lat' dir='ltr'><strong>agere</strong></span> <span class='ocrx_word' id='word_1_254' title='bbox 327 3185 350 3231; x_wconf 91' lang='lat' dir='ltr'><strong>in</strong></span> <span class='ocrx_word' id='word_1_255' title='bbox 369 3185 410 3232; x_wconf 90' lang='lat' dir='ltr'><strong>the</strong></span> <span class='ocrx_word' id='word_1_256' title='bbox 429 3187 579 3233; x_wconf 82' lang='lat' dir='ltr'><strong>intransitive</strong></span> <span class='ocrx_word' id='word_1_257' title='bbox 596 3203 677 3241; x_wconf 89' lang='lat' dir='ltr'><strong>sense,</strong></span> <span class='ocrx_word' id='word_1_258' title='bbox 695 3198 720 3235; x_wconf 90' lang='lat' dir='ltr'><strong>to</strong></span> <span class='ocrx_word' id='word_1_259' title='bbox 736 3203 800 3246; x_wconf 86' lang='lat' dir='ltr'><strong>open</strong></span> <span class='ocrx_word' id='word_1_260' title='bbox 817 3189 841 3234; x_wconf 92' lang='lat' dir='ltr'><strong>in</strong></span> <span class='ocrx_word' id='word_1_261' title='bbox 857 3202 872 3234; x_wconf 90' lang='lat' dir='ltr'><strong>a</strong></span> <span class='ocrx_word' id='word_1_262' title='bbox 887 3187 1008 3235; x_wconf 72' lang='lat' dir='ltr'><strong>chinh-</strong></span> 
     </span>
     <span class='ocr_line' id='line_1_37' title="bbox 85 3243 1006 3305; baseline 0.005 -16"><span class='ocrx_word' id='word_1_263' title='bbox 85 3245 123 3291; x_wconf 83' lang='lat'><strong>67.</strong></span> <span class='ocrx_word' id='word_1_264' title='bbox 140 3243 214 3291; x_wconf 83' lang='lat' dir='ltr'><strong>Nulli</strong></span> <span class='ocrx_word' id='word_1_265' title='bbox 229 3251 343 3298; x_wconf 80' lang='lat' dir='ltr'><strong>notatum,</strong></span> <span class='ocrx_word' id='word_1_266' title='bbox 358 3258 372 3290; x_wconf 91' lang='lat' dir='ltr'><strong>a</strong></span> <span class='ocrx_word' id='word_1_267' title='bbox 390 3243 456 3290; x_wconf 91' lang='lat' dir='ltr'><strong>nullo</strong></span> <span class='ocrx_word' id='word_1_268' title='bbox 475 3253 593 3291; x_wconf 88' lang='lat' dir='ltr'><strong>notatum.</strong></span> <span class='ocrx_word' id='word_1_269' title='bbox 625 3246 650 3292; x_wconf 90' lang='lat' dir='ltr'>A</span> <span class='ocrx_word' id='word_1_270' title='bbox 667 3246 775 3305; x_wconf 84' lang='lat' dir='ltr'><strong>singular</strong></span> <span class='ocrx_word' id='word_1_271' title='bbox 790 3261 834 3293; x_wconf 91' lang='lat' dir='ltr'><strong>use</strong></span> <span class='ocrx_word' id='word_1_272' title='bbox 850 3245 879 3292; x_wconf 89' lang='lat' dir='ltr'><strong>of</strong></span> <span class='ocrx_word' id='word_1_273' title='bbox 890 3244 951 3293; x_wconf 91' lang='lat' dir='ltr'><strong>nulli</strong></span> <span class='ocrx_word' id='word_1_274' title='bbox 968 3246 1006 3294; x_wconf 87' lang='lat' dir='ltr'><strong>for</strong></span> 
     </span>
     <span class='ocr_line' id='line_1_38' title="bbox 84 3301 1005 3368; baseline 0.008 -22"><span class='ocrx_word' id='word_1_275' title='bbox 84 3302 182 3368; x_wconf 85' lang='lat' dir='ltr'><strong>nemini.</strong></span> <span class='ocrx_word' id='word_1_276' title='bbox 214 3301 244 3349; x_wconf 94' lang='lat' dir='ltr'><strong>In</strong></span> <span class='ocrx_word' id='word_1_277' title='bbox 254 3301 355 3361; x_wconf 78' lang='lat' dir='ltr'><strong>general</strong></span> <span class='ocrx_word' id='word_1_278' title='bbox 365 3301 447 3348; x_wconf 90' lang='lat' dir='ltr'><strong>nullus</strong></span> <span class='ocrx_word' id='word_1_279' title='bbox 459 3301 479 3348; x_wconf 89' lang='lat' dir='ltr'><strong>is</strong></span> <span class='ocrx_word' id='word_1_280' title='bbox 490 3302 550 3349; x_wconf 89' lang='lat' dir='ltr'><strong>used</strong></span> <span class='ocrx_word' id='word_1_281' title='bbox 559 3302 595 3350; x_wconf 86' lang='lat' dir='ltr'><strong>for</strong></span> <span class='ocrx_word' id='word_1_282' title='bbox 605 3318 676 3350; x_wconf 90' lang='lat' dir='ltr'><strong>nemo</strong></span> <span class='ocrx_word' id='word_1_283' title='bbox 687 3305 745 3362; x_wconf 89' lang='lat' dir='ltr'><strong>only</strong></span> <span class='ocrx_word' id='word_1_284' title='bbox 752 3304 778 3351; x_wconf 89' lang='lat' dir='ltr'><strong>in</strong></span> <span class='ocrx_word' id='word_1_285' title='bbox 787 3304 828 3351; x_wconf 92' lang='lat' dir='ltr'><strong>the</strong></span> <span class='ocrx_word' id='word_1_286' title='bbox 837 3304 944 3365; x_wconf 86' lang='lat' dir='ltr'><strong>genitive</strong></span> <span class='ocrx_word' id='word_1_287' title='bbox 956 3303 1005 3353; x_wconf 85' lang='lat' dir='ltr'><strong>and</strong></span> 
     </span>
     <span class='ocr_line' id='line_1_39' title="bbox 84 3359 1004 3422; baseline 0.007 -17"><span class='ocrx_word' id='word_1_288' title='bbox 84 3359 268 3410; x_wconf 71' lang='lat' dir='ltr'><strong>ablativa-74.</strong></span> <span class='ocrx_word' id='word_1_289' title='bbox 285 3359 409 3422; x_wconf 81' lang='lat' dir='ltr'><strong>Quantum</strong></span> <span class='ocrx_word' id='word_1_290' title='bbox 420 3364 487 3408; x_wconf 76' lang='lat' dir='ltr'><strong>erat?</strong></span> <span class='ocrx_word' id='word_1_291' title='bbox 505 3361 562 3408; x_wconf 88' lang='lat' dir='ltr'><strong>how</strong></span> <span class='ocrx_word' id='word_1_292' title='bbox 575 3360 649 3409; x_wconf 90' lang='lat' dir='ltr'><strong>much</strong></span> <span class='ocrx_word' id='word_1_293' title='bbox 660 3362 741 3410; x_wconf 90' lang='lat' dir='ltr'><strong>would</strong></span> <span class='ocrx_word' id='word_1_294' title='bbox 753 3363 771 3410; x_wconf 89' lang='lat' dir='ltr'><strong>it</strong></span> <span class='ocrx_word' id='word_1_295' title='bbox 782 3364 832 3410; x_wconf 83' lang='lat' dir='ltr'><strong>hel</strong></span> <span class='ocrx_word' id='word_1_296' title='bbox 849 3361 931 3409; x_wconf 87' lang='lat' dir='ltr'><strong>would</strong></span> <span class='ocrx_word' id='word_1_297' title='bbox 942 3362 961 3410; x_wconf 90' lang='lat' dir='ltr'><strong>it</strong></span> <span class='ocrx_word' id='word_1_298' title='bbox 973 3363 1004 3411; x_wconf 88' lang='lat' dir='ltr'><strong>be</strong></span> 
     </span>
    </p>
   </div>
   <div class='ocr_carea' id='block_1_6' title="bbox 0 0 1060 3728">
    <p class='ocr_par' dir='ltr' id='par_1_22' title="bbox 0 0 1060 3728">
     <span class='ocr_line' id='line_1_40' title="bbox 0 0 1060 3728; baseline 0 0"><span class='ocrx_word' id='word_1_299' title='bbox 0 0 1060 3728; x_wconf 95' lang='lat' dir='ltr'><strong> </strong></span> 
     </span>
    </p>
   </div>
  </div>
 </body>
</html>
