2108 3728
365 220 487 264 Mareu.
509 221 571 264 Lm.
594 223 641 265 XI.

65 331 188 385 Percutit
201 350 247 385 ora
260 349 350 401 mann,
364 332 499 401 laniatque
512 351 528 385 a
541 342 648 403 pectore
660 344 758 405 vestes,

69 402 237 471 Pectoraque
249 402 310 470 ipsa
322 401 391 453 ferit.
427 404 485 454 Nec
497 405 585 455 crines
598 405 701 456 solvere
713 413 802 475 curat,

72 469 181 540 Scindit,
194 481 222 523 et
233 471 329 539 altrici,
343 487 414 538 quae
427 471 515 523 luctus
528 489 617 537 causa,
633 476 732 541 roganti

79 541 173 592 ‘Nulla
185 550 226 592 est
238 540 368 610 Alcyone,
381 539 454 591 nulla
466 549 506 592 est
517 541 533 592 :²
547 542 584 592 ait
598 543 709 594 ‘occidit
722 559 776 595 una

79 608 144 660 Cum
155 611 242 678 Ceyce
255 609 319 661 suo!
352 609 467 661 Solantia
480 609 563 661 tollite
577 610 674 662 verba!
910 618 961 667 685

81 677 227 746 Naufragus
238 678 352 730 interiit:
372 678 428 730 vidi
441 679 599 747 agnovique,
613 697 762 749 manusque

87 745 127 797 Ad
137 747 325 815 discedentem,
338 747 450 815 cupiens
462 748 583 814 retinere,
598 749 714 817 tetendi,

87 813 180 867 Umbra
191 817 245 886 fuit,
258 816 307 868 sed
319 825 347 868 et
360 816 455 868 umbra
467 825 558 868 tamen
570 818 714 870 manifesta
725 818 828 887 virique

90 882 153 936 Vera
162 887 221 937 mei.
256 887 316 938 Non
329 885 374 937 ille
387 884 505 954 quidem,
519 885 542 936 si
554 887 669 955 quaeris,
683 887 800 940 habebat

94 952 207 1006 desuetos
217 955 314 1022 vultus,
326 970 386 1020 nec,
401 970 452 1022 quo
465 954 538 1021 prius
550 971 603 1024 ore,
616 956 733 1008 nitebat:
912 962 963 1010 690

95 1019 225 1075 Pallentem
239 1025 395 1090 nudumque
408 1030 435 1074 et
447 1023 536 1074 adhuc
549 1023 677 1076 humente
692 1025 789 1094 capillo

96 1087 178 1144 Infelix
188 1092 248 1144 vidi.
276 1093 362 1148 ‚Stetit
373 1092 424 1144 hoc
436 1092 596 1144 miserabilis
609 1096 666 1162 ipso

99 1156 158 1209 Ecce
168 1161 218 1213 loco
229 1164 244 1230 ,²
260 1171 286 1213 et
299 1162 409 1230 quaerit,
424 1162 537 1229 vestigia
549 1162 571 1213 si
584 1180 637 1230 qua
650 1162 791 1231 supersint.

102 1225 159 1278 ‘Hoc
168 1239 225 1300 erat,
239 1230 296 1298 hoo,
311 1231 400 1282 animo
412 1231 482 1298 quod
496 1230 633 1283 divinante
647 1233 784 1303 timebam,

101 1293 130 1344 Et
140 1313 172 1365 ue,
184 1317 224 1352 me
237 1300 351 1368 fugiens,
362 1309 457 1351 ventos
469 1316 611 1367 sequerere
625 1301 760 1368 rogabam.
913 1307 963 1356 695

102 1364 131 1413 ht
140 1374 199 1418 certe
210 1369 316 1436 vellem,
331 1370 455 1437 quoniam
468 1370 600 1438 periturus
612 1369 713 1438 abibas,

10 1474 12 1505 ,
102 1430 242 1506 Mequoque
256 1438 387 1490 duxisses.
425 1437 493 1504 Fuit,
507 1437 542 1489 ah
555 1437 605 1489 fuit
618 1440 683 1490 utile
697 1448 785 1491 tecum

10 1562 12 1573 Ι
102 1499 135 1550 lte
144 1506 212 1558 mihi:
232 1523 320 1576 neque
333 1507 405 1558 enim
417 1506 452 1558 de
465 1507 537 1558 vitae
550 1515 670 1575 tempore
683 1509 828 1576 quicquam

101 1568 147 1622 Non
158 1575 229 1627 simul
241 1578 365 1643 egissem,
379 1593 429 1626 nec
442 1593 512 1627 mors
524 1575 640 1628 discreta
652 1577 755 1627 suisset.

101 1637 163 1692 Nunc
172 1643 266 1717 absens
279 1645 355 1713 perii,
366 1645 449 1712 jactor
461 1661 566 1713 quoque
579 1646 704 1697 fluctibus
716 1645 821 1713 absens,
913 1649 965 1698 700

10 1728 12 1747 ¹
101 1705 180 1764 Εῑ....
192 1713 249 1765 sine
261 1731 306 1766 me
320 1722 347 1766 te
359 1722 455 1782 pontus
468 1714 594 1766 habet-
630 1715 767 1766 Crudelior
779 1717 836 1784 ipso

10 1842 12 1849 Ι
101 1774 130 1828 Sil
139 1781 195 1833 inihi
207 1799 285 1835 mens
297 1783 399 1851 pelago,
414 1784 435 1834 si
447 1783 531 1834 vitam
544 1783 643 1834 ducere
656 1785 724 1835 nitur

10 1852 12 1895 ζ
100 1843 199 1920 Longius,
212 1861 239 1903 et
252 1861 325 1903 tanto
338 1869 456 1920 pugnem
468 1869 609 1920 superesse
621 1853 711 1905 dolori.

100 1913 139 1968 Sed
150 1937 231 1988 neque
243 1921 367 1989 pugnabo
380 1938 431 1972 nec
444 1929 478 1988 te,
492 1921 653 1984 miserande,
667 1922 823 1991 relinquam,

98 1982 125 2035 Et
135 1989 173 2040 libi
184 2007 255 2042 nunc
267 1989 365 2041 saltem
378 1990 484 2041 veniam
498 2006 603 2043 comes:
624 1993 704 2059 inque
718 1992 847 2061 sepulcro,
913 1993 964 2041 705

97 2050 116 2102 Si
126 2072 168 2110 non
180 2076 252 2125 urna,
267 2067 357 2110 tamen
368 2058 462 2127 junget
475 2076 522 2111 nos
534 2060 629 2127 littera,
643 2061 730 2112 sinon

96 2121 188 2180 Ossibus
199 2144 259 2179 ossa
272 2128 350 2196 meis,
364 2136 391 2179 at
403 2145 502 2180 nomen
515 2130 622 2180 nomine
637 2131 761 2197 tangam.7

95 2190 158 2247 Plura
169 2197 241 2249 dolor
253 2197 383 2266 prohibet,
396 2197 533 2265 verboque
546 2198 688 2250 intervenit
700 2200 773 2251 omni

95 2259 199 2332 Plangor,
213 2275 240 2318 et
252 2267 362 2318 attonito
374 2268 491 2334 gemitus
503 2284 519 2317 a
532 2267 611 2319 corde
625 2266 771 2320 trahuntur.

92 2329 160 2386 Mane
173 2343 244 2387 erat:
264 2335 400 2402 egreditur
413 2335 490 2386 tectis
502 2336 536 2386 ad
550 2336 620 2397 litus,
634 2344 660 2387 et
675 2337 749 2388 illum
913 2341 964 2388 710

91 2397 182 2456 Maesta
194 2405 281 2456 locnrn
297 2407 400 2472 repetit,
414 2404 448 2455 de
461 2421 512 2472 quo
525 2415 656 2472 spectarat
670 2415 789 2458 euntem.

90 2467 200 2542 Dumque
213 2482 330 2524 moratur
343 2473 388 2541 ibi,
402 2473 521 2541 dumque
535 2475 620 2526 ‘Hinc
634 2475 780 2526 retinacula
793 2473 886 2543 solvit,

88 2535 134 2592 lloc
145 2543 211 2595 mihi
224 2541 393 2594 descendens
405 2542 479 2594 dedit
491 2543 582 2595 oscula
595 2544 678 2595 litore⁷
692 2543 764 2611 dicit,

87 2607 201 2680 Dumque
214 2620 304 2663 notata
316 2611 402 2663 oculis
415 2613 593 2664 reminiscitur
605 2621 665 2664 acta
678 2611 830 2678 fretumque

60 2741 116 2813 latter
129 2754 303 2811 prose-681.
313 2751 449 2812 Loniatqne
463 2762 577 2812 opertere
590 2762 673 2805 uestes,
687 2768 701 2799 a
717 2751 847 2800 shortened
863 2768 963 2812 expres·

59 2818 99 2854 non
108 2809 141 2858 for
150 2811 212 2870 rapit
223 2820 307 2858 vestes
323 2826 337 2858 a
353 2821 450 2869 pectore
467 2811 597 2870 laniatque.
605 2815 694 2858 -682.
705 2811 809 2867 Solvere,
824 2822 850 2860 to
861 2815 963 2864 unloose

57 2863 88 2913 tle
103 2869 272 2918 braida-684.
285 2869 362 2917 Nulla
374 2879 416 2925 eet,
429 2870 610 2929 expressiones
623 2871 663 2918 the
676 2881 740 2918 most
751 2871 842 2920 violent
854 2890 960 2924 sorrow:

55 2928 167 2996 separated
183 2928 245 2976 from
264 2928 343 2988 Ceyx,
362 2928 430 2976 there
447 2929 468 2976 is
484 2945 515 2977 no
531 2930 645 2988 Alcyone
666 2930 853 2990 longer-685.
867 2935 960 2993 Tollite,

53 2997 152 3035 omittite.
277 3027 280 3033 .

10 3046 13 3103 l
74 3045 237 3094 ornNitetar.
270 3046 367 3102 Above,
386 3046 418 3093 xi.
436 3050 493 3094 271:
518 3045 676 3106 Patriumquc
694 3049 797 3097 nitorem
816 3052 865 3098 Ore
882 3053 961 3098 ferens

51 3101 119 3164 Ceyx,
133 3105 193 3152 with
205 3105 327 3153 reference
340 3115 364 3151 to
377 3105 417 3151 the
430 3105 569 3163 brightness
581 3105 608 3152 of
621 3107 812 3156 Lucifer-695.
826 3110 858 3155 Se
874 3126 960 3156 cerere.

47 3159 69 3210 ln
80 3165 119 3212 tlre
132 3164 256 3211 vividness
268 3163 296 3210 ol
308 3164 351 3211 her
362 3164 507 3218 sensatione,
521 3163 564 3210 she
577 3180 661 3222 posses
678 3167 739 3214 from
751 3168 792 3213 the
803 3127 872 3213 third
883 3178 908 3213 to
919 3167 960 3213 tho

44 3223 128 3271 second
145 3227 335 3280 person-700.
346 3224 447 3277 Absens,
461 3224 588 3280 separated
606 3224 666 3272 froin
683 3226 746 3272 thee.
779 3225 826 3269 See
837 3227 923 3277 above,
936 3239 960 3270 v.

43 3283 186 3330 tat-702.
199 3281 298 3337 Ducere,
312 3281 545 3339 perducere-706.
559 3282 660 3330 Littera.
699 3284 745 3329 See
762 3283 847 3335 above,
866 3298 888 3329 v.
905 3286 958 3330 429.

43 3339 92 3388 The
107 3340 253 3398 inscription
270 3355 301 3386 on
317 3341 358 3386 the
375 3342 525 3387 tomb·stone
543 3351 566 3387 ut
583 3342 644 3388 least
661 3340 724 3387 shall
740 3339 806 3386 unite
823 3345 959 3389 us.-714.

37 3399 241 3460 Dumque—octa.
272 3397 385 3457 Dumque
394 3399 556 3446 reminiscitur
567 3410 621 3446 ncta
629 3413 690 3457 quae
702 3407 785 3465 nptata
795 3397 872 3446 oculis
881 3410 957 3457 eruut,

36 3459 110 3509 while
127 3456 173 3505 she
181 3458 332 3505 rememlrers
349 3457 390 3517 the
405 3467 469 3518 past,
484 3457 568 3508 which
583 3457 634 3508 had
647 3460 715 3507 been
723 3456 865 3517 impresseh
876 3459 971 3508 onum
