2108 3728
349 184 517 227 PASTOBUM
537 185 599 227 1113.
622 186 668 230 TV.

97 289 157 348 ruia
168 295 310 363 consuetis,
325 304 353 348 ut
366 303 432 359 erat,
444 295 572 348 comitata
583 295 681 365 puellis

128 365 235 417 Errabat
247 364 317 416 nudo
329 381 377 434 per
389 381 436 418 sua
449 374 524 434 prata
536 366 615 434 pede.

96 430 164 485 Valle
175 433 225 486 sub
240 434 364 486 umbrosa
375 433 450 486 locus
462 441 504 486 est
514 433 656 503 aspergine
668 435 754 490 multa

126 501 227 554 Uvidus
239 519 275 554 ex
285 502 338 554 alto
351 503 498 556 desilientis
510 519 606 571 aquae.

97 568 138 622 Tot
149 571 254 622 fuerant
267 570 328 638 illic,
342 580 405 639 quot
417 570 499 624 habet
511 579 605 623 natura
617 571 726 640 colores,

125 640 251 708 Pictaque
264 639 388 692 dissimili
400 639 464 692 flore
477 639 578 692 nitebat
590 639 698 692 humus.

94 705 175 766 Quam
188 707 268 760 simul
280 708 392 777 aspexit,
407 706 536 760 ‘comites
547 708 688 777 accedite,²
701 709 775 778 dixit,

126 778 174 830 ‘Et
185 793 295 829 mecum
309 777 401 846 plenos
413 777 478 828 flore
491 776 589 828 referte
602 777 694 830 sinus!

93 844 192 897 Praeda
203 844 337 914 puellares
349 845 454 897 animos
466 845 595 914 prolectat
608 846 702 908 inanis,

124 915 158 966 Et
170 930 222 965 non
235 913 347 966 sentitur
360 913 502 966 sedulitate
515 912 597 966 labor.

92 981 162 1034 llaec
174 980 270 1050 implet
281 981 353 1034 lento
365 981 486 1034 calathos
497 997 513 1033 e
525 983 626 1035 vimine
639 999 729 1051 nexos,

123 1051 198 1102 Haec
209 1051 351 1119 gremium,
364 1049 439 1101 laxos
451 1049 578 1116 degravat
591 1050 636 1102 illa
648 1052 729 1104 sinus.

92 1117 138 1170 llla
148 1117 215 1186 legit
227 1118 344 1170 calthas:
365 1118 428 1170 huic
441 1126 501 1171 sunt
513 1119 623 1170 violaria
634 1137 728 1172 curae:

124 1187 174 1240 Illa
185 1203 351 1256 papavereas
363 1187 490 1239 subsecat
502 1203 591 1254 ungue
604 1204 711 1240 comas:

93 1253 151 1324 llas,
164 1255 318 1324 hyacinthe,
332 1264 423 1308 tenes:
444 1255 510 1323 illas,
524 1269 670 1327 amarante,
684 1257 810 1309 moraris:

122 1324 186 1376 Pars
199 1323 301 1392 thyma,
314 1341 376 1392 pars
388 1341 482 1390 rorem,
496 1341 557 1392 pars
568 1325 704 1378 meliloton
717 1334 817 1379 amant.

71 1434 75 1438 .
94 1390 206 1446 Plurima
219 1392 290 1445 lecta
302 1409 361 1444 rosa
373 1402 421 1444 est.
459 1393 523 1445 Sunt
536 1401 562 1444 et
575 1394 631 1445 sine
644 1395 751 1447 nomine
764 1395 851 1448 flores.

124 1461 185 1530 Ipsa
196 1477 288 1513 crocos
301 1471 395 1514 tenues
408 1461 516 1530 liliaque
528 1461 590 1514 alba
602 1462 676 1529 legit.

95 1528 222 1596 Carpendi
235 1531 322 1583 studio
334 1530 463 1599 paulatim
477 1530 581 1598 longius
594 1531 653 1592 itur,

125 1599 158 1650 Et
170 1598 307 1651 dominam
320 1616 386 1651 casu
399 1599 472 1652 nulla
484 1607 576 1651 secuta
588 1615 687 1652 comes.

94 1664 165 1718 Hanc
176 1667 251 1720 videt
264 1677 291 1720 et
303 1668 391 1720 visam
403 1676 513 1736 patruus
526 1668 651 1720 velociter
662 1668 756 1738 aufert,

124 1736 268 1804 Regnaque
281 1736 413 1788 caeruleis
425 1737 450 1788 in
464 1753 512 1788 sua
524 1745 609 1804 portat
621 1737 706 1805 equis.

95 1801 139 1855 llla
150 1804 263 1872 quidem
275 1804 426 1857 clamabat:
448 1805 490 1855 ‘lc
503 1806 639 1858 carissima
652 1815 744 1875 mater,

124 1872 255 1925 Auferor.²
291 1874 353 1942 lpsa
365 1890 427 1924 suos
439 1873 643 1943 abscideratque
656 1876 739 1927 sinus.

94 1938 216 1993 Panditur
229 1942 331 1994 interea
346 1943 398 1994 Diti
411 1942 455 1994 via
463 1959 471 2010 ;
489 1959 606 2010 namque
619 1942 744 1996 diurnum

124 2009 227 2062 Lumen
242 2011 370 2062 inassueti
383 2010 428 2062 vix
440 2011 575 2079 patiuntur
587 2013 658 2078 equi.

94 2078 126 2128 At
137 2078 235 2130 chorus
247 2079 377 2147 aequalis,
389 2079 542 2132 cumulatae
556 2080 619 2132 flore
633 2080 778 2142 ministrae,

125 2147 329 2217 ‘Persephone‚’
344 2147 470 2209 clamant,
485 2148 534 2200 ‘ad
549 2158 594 2200 tua
605 2149 675 2201 dona
685 2149 765 2202 veni.²

93 2212 126 2266 Ut
137 2215 253 2268 clamata
266 2216 334 2284 silet,
349 2225 454 2269 montes
465 2217 612 2270 ululatibus
625 2218 745 2288 implent,

124 2285 158 2337 Et
170 2284 268 2337 feriunt
282 2295 402 2337 maestae
414 2294 521 2352 pectora
533 2285 604 2338 nuda
617 2303 721 2338 manus.

92 2353 209 2405 Attonita
221 2364 262 2405 est
274 2354 400 2423 plangore
413 2355 501 2406 Ceres.
538 2354 620 2406 Modo
633 2362 743 2404 venerat
756 2354 892 2409 Hennam:
923 2363 973 2410 455

124 2421 184 2474 Nec
196 2438 278 2490 mora,
294 2424 301 2454 ‘
309 2440 353 2474 me
365 2423 507 2475 miseram!
528 2422 602 2489 filia,'
615 2422 691 2477 dixit.
706 2422 768 2474 ‘ubi
781 2423 840 2475 esl'
926 2445 928 2448 ⁴

90 2487 192 2542 Mentis
204 2490 281 2558 inops
292 2491 398 2560 rapitur,
412 2492 506 2560 quales
517 2491 609 2543 audire
623 2490 740 2544 solemus

57 2637 99 2685 she
109 2638 129 2686 ie
138 2638 345 2687 crowned.-425.
357 2640 480 2695 Comitum,
490 2640 622 2699 passively.
645 2641 708 2688 This
716 2642 775 2688 verb
784 2640 855 2688 belen
897 2651 923 2689 to
931 2642 973 2690 the

56 2696 118 2744 class
133 2696 162 2744 os
174 2697 254 2744 words
268 2697 416 2753 mentioned,
430 2699 510 2750 Gram.
521 2699 597 2753 t239,
610 2708 666 2745 note
678 2703 700 2746 2.
728 2699 848 2757 Compare
881 2710 927 2748 ort.
939 2701 973 2749 iii.

55 2756 106 2802 603.
115 2759 205 2803 -432,
215 2756 310 2804 Merum
322 2759 414 2818 referta
425 2757 482 2804 take
499 2758 571 2805 horne
587 2773 614 2804 as
630 2756 642 2802 I
658 2757 794 2806 dos-433.
807 2757 902 2814 Ianam,
914 2759 971 2814 idle.

54 2813 136 2861 which
150 2814 194 2861 has
210 2827 241 2861 no
258 2815 347 2875 lusting
357 2815 530 2865 velue—438.
547 2815 697 2876 Papavereas
713 2833 796 2864 eomas.
829 2816 930 2870 Comae.
944 2818 972 2866 os

54 2872 200 2932 everything
217 2872 268 2919 that
284 2872 359 2921 forms
371 2874 411 2921 the
423 2874 519 2932 highest
536 2874 601 2932 p'oint
613 2873 641 2920 ο1
653 2889 700 2933 any
710 2876 894 2934 object-441.
911 2877 973 2925 Plu·

54 2932 115 2978 rima
136 2947 199 2986 roso,
218 2931 381 2991 collectively,
399 2933 493 2980 instead
509 2933 537 2980 ο1
554 2933 671 2991 plurimae
693 2949 770 2982 rosae.
802 2935 862 2983 Sirra
881 2939 975 2984 nomiae

53 2990 138 3050 flora,
151 2988 193 3036 the
210 3005 294 3038 names
310 2991 338 3038 os
349 2991 430 3038 which
448 3007 487 3038 are
503 2992 637 3047 unknown,
650 2992 679 3038 ol
691 3008 776 3042 course
787 3003 813 3042 to
824 2994 865 3041 the
882 2994 971 3050 crowd,

51 3056 95 3096 not
107 3058 132 3095 to
143 3048 312 3107 botanists,„os
324 3050 405 3097 whom
423 3049 489 3096 there
501 3065 565 3096 were
582 3066 650 3097 some
667 3067 729 3099 even
740 3053 806 3100 then.
815 3056 906 3098 -445,
923 3053 972 3099 Po-

51 3115 133 3161 truus,
153 3106 236 3161 Pluto,
250 3108 291 3155 the
308 3109 406 3156 brother
422 3107 450 3154 os
463 3107 558 3165 Jupiter
574 3109 621 3156 and
638 3110 820 3158 Ceres-446.
839 3109 970 3164 Caeruleis,

50 3164 135 3224 nigris,
150 3166 256 3212 because
267 3168 326 3226 they
337 3167 426 3225 belong
438 3176 462 3213 to
474 3167 514 3213 the
526 3166 627 3213 infernal
645 3169 747 3226 regions.
755 3170 844 3213 -448.
861 3166 972 3214 Abscide-

50 3233 144 3282 ratque,
158 3223 344 3283 discideratque,
358 3225 382 3271 in
399 3225 441 3272 her
457 3225 656 3282 despuis—449.
672 3226 797 3270 Panditur
812 3226 902 3270 interea
918 3223 974 3273 Diti

48 3283 99 3329 uia.
128 3282 249 3340 Compare
261 3284 360 3331 Metam.
370 3300 392 3331 v.
402 3287 454 3330 423.
462 3287 549 3329 -451,
565 3282 654 3329 Chorus
664 3283 778 3340 aequalis,
788 3280 875 3327 chorus
883 3296 971 3340 nequa·

47 3339 221 3388 lium-453.
251 3342 366 3389 Clamata.
408 3340 471 3388 'l'his
493 3344 551 3388 verb
573 3341 593 3386 is
615 3340 708 3386 seldom
730 3339 791 3386 used
812 3339 971 3401 transitively.

46 3398 150 3455 above,
160 3399 194 3447 iii.
206 3403 265 3447 2232
285 3400 335 3455 Qui
346 3408 448 3458 poterat,
457 3399 576 3446 clamabat
588 3413 668 3444 avum.
676 3399 765 3445 -457,
782 3396 878 3445 Merum
894 3399 971 3463 daupei
