2108 3728
374 221 543 264 rasroauu
563 223 626 266 ure.
648 221 683 265 11.
930 207 990 271 tot
1024 201 1025 204 '

97 332 218 400 Campus
230 337 295 383 erat.
332 331 428 400 Campi
440 333 602 387 claudebant
614 333 710 386 ultima
721 335 805 387 colles

133 401 259 469 Silvaque
273 409 414 452 montanas
425 402 548 455 occulere
560 412 623 472 apta
635 403 713 455 feras

96 469 128 522 In
142 469 232 522 medio
244 485 345 538 paucos
357 479 532 539 armentaque
546 489 604 524 rara
616 471 776 542 relinquunt,
938 473 988 524 215

134 539 246 591 Caetera
259 538 379 605 virgultis
391 540 483 591 abdita
496 540 573 593 turha
585 541 658 593 latet.

98 609 172 661 Ecce
186 606 260 659 velut
274 614 376 658 torrens
389 607 468 660 undis
480 609 641 677 pluvialibus
653 620 756 677 auctus,

134 679 188 729 Aut
203 676 273 743 nire,
287 691 356 744 quae
369 676 487 746 zephyro
499 679 570 730 victa
582 686 690 748 tepente
702 678 768 746 fluit,

98 746 151 799 Per
162 753 221 798 sata
233 761 335 813 perque
347 745 405 796 vias
417 745 507 815 fertur,
520 764 571 799 nec
584 757 613 799 ut
625 756 688 799 ante
701 747 812 811 solebat,

133 815 263 882 Riparum
276 813 382 865 clausas
395 815 514 882 margine
526 816 583 868 finit
595 833 696 885 aquas:
937 819 989 868 220

98 882 143 937 Sic
155 882 232 936 Fabii
244 881 345 934 vallem
357 880 417 934 latis
429 882 592 937 discursibus
604 885 726 953 implent,

134 952 265 1019 Quodque
278 950 377 1018 vident,
392 960 521 1004 sternunt.
558 953 617 1005 Nec
629 961 720 1005 metus
731 953 800 1004 alter
811 951 889 1006 inest.

96 1021 157 1079 Quo
170 1021 252 1088 ruitis,
265 1035 396 1088 generosa
408 1020 524 1073 domnsl
543 1021 614 1074 male
627 1021 735 1074 creditis
747 1020 826 1074 hosti.

134 1088 253 1158 Simplex
265 1088 398 1158 nobilitas,
412 1089 513 1158 perfida
525 1090 579 1142 tela
591 1106 667 1142 care.

99 1157 204 1211 Fraude
217 1158 285 1226 perit
297 1157 389 1209 virtus.
425 1159 455 1210 In
468 1167 574 1229 apertos
586 1157 705 1228 undique
718 1174 828 1229 campos
935 1160 986 1210 225

134 1226 275 1279 Prosiliunt
288 1225 380 1279 hostes
392 1235 419 1279 et
432 1227 502 1280 latus
514 1245 594 1280 omne
606 1236 708 1281 tenent.

97 1296 169 1354 Quid
182 1295 283 1348 faciant
295 1296 374 1364 pauci
388 1305 479 1349 contra
491 1306 528 1349 tot
540 1297 616 1349 milia
629 1298 719 1368 fortes,

134 1364 248 1426 Quidve,
260 1364 332 1433 quod
345 1364 371 1430 iq
384 1366 481 1418 misero
493 1376 614 1434 ternpore
628 1375 717 1437 restet,
729 1365 850 1420 habeut?

96 1434 170 1487 Sicut
182 1449 247 1502 aper
259 1432 337 1501 longe
350 1433 424 1486 silvis
437 1435 615 1488 Laurentibus
627 1443 704 1488 actus

134 1502 274 1555 Fulmineo
286 1502 391 1554 celeres
403 1503 514 1572 dissipat
526 1521 571 1556 ore
583 1521 672 1573 canes,
938 1505 988 1554 230

95 1572 164 1625 Mox
176 1580 267 1623 tamen
282 1571 340 1639 ipse
353 1572 435 1641 perit:
456 1574 493 1625 sic
506 1589 556 1625 non
570 1574 717 1624 moriuntur
729 1570 814 1642 inulti,

132 1639 303 1707 Vulneraque
316 1640 419 1692 alterna
431 1641 547 1712 dantque
560 1641 703 1710 feruntque
716 1657 808 1694 mauu.

96 1709 159 1762 Una
171 1707 231 1760 dies
244 1709 343 1761 Fabios
354 1708 389 1762 ad
401 1709 504 1762 bellum
517 1711 627 1762 miserat
639 1725 748 1763 ornnes:

133 1777 176 1831 Ad
189 1777 292 1830 bellum
304 1778 401 1831 missos
412 1779 526 1849 perdidit
540 1796 594 1831 una
606 1779 673 1831 dies.

95 1847 133 1901 Ut
147 1854 237 1898 tamen
250 1847 400 1900 Herculeae
413 1857 584 1917 superessent
597 1849 701 1902 semina
713 1847 810 1918 gentis,
936 1849 987 1899 tte

132 1915 267 1968 Credibile
280 1924 321 1967 est
334 1917 405 1984 ipsos
417 1917 582 1969 consuluisse
595 1917 669 1968 deos.

95 1985 168 2039 Nam
181 2001 248 2053 puer
260 1985 386 2053 impubes
398 1994 425 2036 et
436 1985 526 2038 adhuc
539 2003 591 2038 non
604 1985 678 2038 utilis
690 1985 773 2038 armis

133 2053 212 2106 Unus
223 2053 258 2104 de
271 2053 354 2105 Fabia
365 2063 446 2122 gente
458 2054 567 2107 relictus
579 2063 650 2106 erat:

98 2122 208 2176 Scilicet
221 2130 250 2175 ut
263 2139 356 2191 posses
366 2123 430 2175 olim
443 2132 479 2192 tu,
493 2124 623 2191 Maxime,
636 2123 719 2194 nasci,

132 2191 182 2244 Cui
194 2207 237 2243 res
248 2192 397 2244 cunctando
410 2192 574 2245 restituenda
586 2192 661 2245 soret.
901 2204 904 2208 ’
936 2195 987 2244 240

60 2314 259 2387 insidiae-4213.
271 2333 354 2443 Campi
362 2341 456 2394 ultimo,
467 2339 546 2398 campi
559 2339 701 2396 marginem.
711 2336 863 2384 fines-218.
872 2335 935 2398 Zepb
952 2354 986 2386 rc.

61 2396 118 2445 The
131 2405 194 2444 west
205 2395 271 2443 wind
282 2396 307 2443 in
343 2397 382 2456 aly
394 2398 477 2444 marks
488 2399 530 2445 the
542 2397 661 2464 approach
671 2395 700 2442 of
712 2396 898 2500 spring—223.
939 2398 985 2455 cle,

60 2455 194 2515 uuwisely,
204 2465 230 2502 to
237 2470 298 2514 your
307 2455 447 2504 loss-224.
457 2458 569 2518 Simplex,
579 2466 620 2502 not
630 2469 677 2502 rna
688 2456 718 2501 ba
742 2469 828 2510 scnse;
842 2455 900 2500 but:
912 2468 984 2511 open,

60 2514 242 2572 uususpicious.
250 2517 341 2562 -229,
354 2515 431 2562 Silvis
443 2514 612 2563 Lcuremibua.
640 2514 798 2580 Laurentum,
812 2512 887 2571 acity
896 2510 925 2559 os
937 2511 984 2560 La·

61 2573 133 2627 tium,
147 2573 189 2620 the
201 2572 402 2632 neighbourhood
418 2574 447 2621 os
455 2574 535 2621 which
548 2589 598 2620 was
614 2571 718 2618 infested
729 2571 787 2618 with
804 2573 883 2619 bears.
892 2574 985 2620 -230s

61 2631 189 2680 Fulmineo
196 2648 243 2678 ore.
267 2631 314 2679 Sec
324 2632 423 2680 Metam.
432 2633 446 2679 i.
457 2636 591 2680 Soa-235.
600 2627 732 2676 Herculeae
738 2632 827 2690 gentis,
852 2629 908 2676 The
917 2629 987 2678 Gens

61 2689 140 2738 Fabia
151 2689 234 2738 traced
245 2689 276 2738 its
287 2690 388 2738 descent
400 2701 424 2737 to
436 2691 556 2738 Hercules
571 2687 617 2736 and
629 2703 643 2734 a
653 2687 773 2755 daughter
784 2687 811 2735 of
824 2687 945 2757 Evander.
954 2709 987 2722 -

60 2753 114 2798 237.
126 2748 186 2796 Noc
202 2751 282 2804 utilia,
301 2764 350 2796 non
366 2748 527 2805 adhibendus,
545 2757 587 2795 not
602 2745 857 2794 serviceable.·—239.
870 2746 985 2795 Maxime.

63 2807 96 2862 Q.
107 2807 201 2856 Fabius
215 2807 350 2862 Maximus,
365 2808 428 2863 who,
442 2809 467 2854 in
478 2809 519 2856 the
535 2805 625 2854 second
638 2804 715 2853 Punic
726 2803 796 2861 War,
811 2820 862 2853 was
878 2805 920 2852 the
931 2803 989 2853 first

60 2875 188 2934 toopposc
197 2866 320 2913 Hannibal
331 2866 390 2914 with
402 2864 652 2932 success-2405t7oi
663 2865 800 2970 '‘pff‘''ffir
812 2864 871 2911 with
882 2865 985 2912 obvious

59 2924 166 2974 allusion
183 2934 208 2971 to
225 2925 266 2972 the
283 2941 354 2972 verse
370 2925 398 2972 of
410 2925 505 2972 Ennius
520 2940 551 2971 on
567 2923 616 2971 this
632 2938 699 2970 sams
739 2924 818 2979 ebrus,
836 2923 937 2970 whence
953 2922 985 2971 he

59 2998 112 3032 was
122 2983 203 3033 called
215 2982 363 3032 Cunctator:
383 2983 453 3032 Unus
464 2984 538 3031 homo
549 2982 619 3030 nobis
630 2981 767 3030 cunctando
777 2982 883 3030 restituit
894 2997 954 3030 rem.
