<?xml version="1.0" encoding="UTF-8"?>
<!DOCTYPE html PUBLIC "-//W3C//DTD XHTML 1.0 Transitional//EN"
    "http://www.w3.org/TR/xhtml1/DTD/xhtml1-transitional.dtd">
<html xmlns="http://www.w3.org/1999/xhtml" xml:lang="en" lang="en">
 <head>
  <title>
</title>
<meta http-equiv="Content-Type" content="text/html;charset=utf-8" />
  <meta name='ocr-system' content='tesseract 3.04.00' />
  <meta name='ocr-capabilities' content='ocr_page ocr_carea ocr_par ocr_line ocrx_word'/>
</head>
<body>
  <div class='ocr_page' id='page_1' title='image "./excerptaexpovid00islegoog_0170.png"; bbox 0 0 2108 3728; ppageno 0'>
   <div class='ocr_carea' id='block_1_1' title="bbox 393 175 1000 235">
    <p class='ocr_par' dir='ltr' id='par_1_1' title="bbox 393 175 1000 235">
     <span class='ocr_line' id='line_1_1' title="bbox 393 175 1000 235; baseline 0.005 -3"><span class='ocrx_word' id='word_1_1' title='bbox 393 189 517 235; x_wconf 69' lang='grc' dir='ltr'>ιιιιιιι</span> <span class='ocrx_word' id='word_1_2' title='bbox 538 189 600 232; x_wconf 83' lang='lat' dir='ltr'><strong>ma.</strong></span> <span class='ocrx_word' id='word_1_3' title='bbox 622 191 696 234; x_wconf 84' lang='lat' dir='ltr'><strong>xrrr.</strong></span> <span class='ocrx_word' id='word_1_4' title='bbox 943 175 1000 235; x_wconf 79' lang='lat'><strong>103</strong></span> 
     </span>
    </p>
   </div>
   <div class='ocr_carea' id='block_1_2' title="bbox 110 300 1005 2568">
    <p class='ocr_par' dir='ltr' id='par_1_2' title="bbox 110 300 747 356">
     <span class='ocr_line' id='line_1_2' title="bbox 110 300 747 356; baseline 0.003 -2"><span class='ocrx_word' id='word_1_5' title='bbox 110 302 147 354; x_wconf 90' lang='lat' dir='ltr'><strong>Ut</strong></span> <span class='ocrx_word' id='word_1_6' title='bbox 159 301 204 353; x_wconf 84' lang='lat' dir='ltr'><strong>rix</strong></span> <span class='ocrx_word' id='word_1_7' title='bbox 217 300 369 354; x_wconf 80' lang='lat' dir='ltr'><strong>sustineant</strong></span> <span class='ocrx_word' id='word_1_8' title='bbox 380 300 526 353; x_wconf 89' lang='lat' dir='ltr'><strong>distentum</strong></span> <span class='ocrx_word' id='word_1_9' title='bbox 539 301 661 354; x_wconf 88' lang='lat' dir='ltr'><strong>cruribus</strong></span> <span class='ocrx_word' id='word_1_10' title='bbox 672 303 747 356; x_wconf 86' lang='lat' dir='ltr'><strong>uber.</strong></span> 
     </span>
    </p>

    <p class='ocr_par' dir='ltr' id='par_1_3' title="bbox 111 369 753 440">
     <span class='ocr_line' id='line_1_3' title="bbox 111 369 753 440; baseline 0.003 -18"><span class='ocrx_word' id='word_1_11' title='bbox 111 371 177 423; x_wconf 86' lang='lat' dir='ltr'><strong>Sunt</strong></span> <span class='ocrx_word' id='word_1_12' title='bbox 190 370 278 422; x_wconf 85' lang='lat' dir='ltr'><strong>fetura</strong></span> <span class='ocrx_word' id='word_1_13' title='bbox 290 371 384 438; x_wconf 91' lang='lat' dir='ltr'><strong>minor,</strong></span> <span class='ocrx_word' id='word_1_14' title='bbox 398 369 496 438; x_wconf 88' lang='lat' dir='ltr'><strong>tepidis</strong></span> <span class='ocrx_word' id='word_1_15' title='bbox 507 370 534 422; x_wconf 92' lang='lat' dir='ltr'><strong>in</strong></span> <span class='ocrx_word' id='word_1_16' title='bbox 547 371 662 423; x_wconf 91' lang='lat' dir='ltr'><strong>ovilibus</strong></span> <span class='ocrx_word' id='word_1_17' title='bbox 674 372 735 440; x_wconf 87' lang='lat' dir='ltr'><strong>agni</strong></span> <span class='ocrx_word' id='word_1_18' title='bbox 746 388 753 439; x_wconf 81' lang='lat'><em>3</em></span> 
     </span>
    </p>

    <p class='ocr_par' dir='ltr' id='par_1_4' title="bbox 112 438 801 508">
     <span class='ocr_line' id='line_1_4' title="bbox 112 438 801 508; baseline 0.003 -17"><span class='ocrx_word' id='word_1_19' title='bbox 112 439 177 492; x_wconf 86' lang='lat' dir='ltr'><strong>Sunt</strong></span> <span class='ocrx_word' id='word_1_20' title='bbox 189 456 306 508; x_wconf 89' lang='lat' dir='ltr'><strong>quoque,</strong></span> <span class='ocrx_word' id='word_1_21' title='bbox 320 456 368 508; x_wconf 90' lang='lat' dir='ltr'><strong>par</strong></span> <span class='ocrx_word' id='word_1_22' title='bbox 379 448 460 506; x_wconf 87' lang='lat' dir='ltr'><strong>actas,</strong></span> <span class='ocrx_word' id='word_1_23' title='bbox 474 438 535 490; x_wconf 87' lang='lat' dir='ltr'><strong>aliis</strong></span> <span class='ocrx_word' id='word_1_24' title='bbox 548 440 573 490; x_wconf 93' lang='lat' dir='ltr'><strong>in</strong></span> <span class='ocrx_word' id='word_1_25' title='bbox 587 440 701 492; x_wconf 88' lang='lat' dir='ltr'><strong>ovilibus</strong></span> <span class='ocrx_word' id='word_1_26' title='bbox 712 440 801 494; x_wconf 91' lang='lat' dir='ltr'><strong>hoedi.</strong></span> 
     </span>
    </p>

    <p class='ocr_par' dir='ltr' id='par_1_5' title="bbox 112 507 1001 714">
     <span class='ocr_line' id='line_1_5' title="bbox 112 507 881 576; baseline 0.005 -16"><span class='ocrx_word' id='word_1_27' title='bbox 112 509 167 560; x_wconf 86' lang='lat' dir='ltr'><strong>Lac</strong></span> <span class='ocrx_word' id='word_1_28' title='bbox 180 507 249 560; x_wconf 90' lang='lat' dir='ltr'><strong>mihi</strong></span> <span class='ocrx_word' id='word_1_29' title='bbox 262 523 372 576; x_wconf 87' lang='lat' dir='ltr'><strong>semper</strong></span> <span class='ocrx_word' id='word_1_30' title='bbox 382 508 459 559; x_wconf 88' lang='lat' dir='ltr'><strong>adest</strong></span> <span class='ocrx_word' id='word_1_31' title='bbox 473 507 596 559; x_wconf 89' lang='lat' dir='ltr'><strong>niveum:</strong></span> <span class='ocrx_word' id='word_1_32' title='bbox 617 525 678 576; x_wconf 86' lang='lat' dir='ltr'><strong>pars</strong></span> <span class='ocrx_word' id='word_1_33' title='bbox 689 509 751 561; x_wconf 89' lang='lat' dir='ltr'><strong>inde</strong></span> <span class='ocrx_word' id='word_1_34' title='bbox 763 508 881 564; x_wconf 90' lang='lat' dir='ltr'><strong>bibenda</strong></span> 
     </span>
     <span class='ocr_line' id='line_1_6' title="bbox 113 575 1001 646; baseline 0.003 -17"><span class='ocrx_word' id='word_1_35' title='bbox 113 577 246 644; x_wconf 82' lang='lat' dir='ltr'><strong>Servatur,</strong></span> <span class='ocrx_word' id='word_1_36' title='bbox 261 585 363 646; x_wconf 87' lang='lat' dir='ltr'><strong>partem</strong></span> <span class='ocrx_word' id='word_1_37' title='bbox 379 575 524 645; x_wconf 85' lang='lat' dir='ltr'><strong>liquefacta</strong></span> <span class='ocrx_word' id='word_1_38' title='bbox 535 578 647 644; x_wconf 83' lang='lat' dir='ltr'><strong>coagula</strong></span> <span class='ocrx_word' id='word_1_39' title='bbox 659 578 765 630; x_wconf 89' lang='lat' dir='ltr'><strong>durant.</strong></span> <span class='ocrx_word' id='word_1_40' title='bbox 950 583 1001 632; x_wconf 85' lang='grc'><strong>830</strong></span> 
     </span>
     <span class='ocr_line' id='line_1_7' title="bbox 113 645 766 714; baseline 0.003 -16"><span class='ocrx_word' id='word_1_41' title='bbox 113 647 174 698; x_wconf 88' lang='lat' dir='ltr'><strong>Nec</strong></span> <span class='ocrx_word' id='word_1_42' title='bbox 187 645 236 697; x_wconf 92' lang='lat' dir='ltr'><strong>tibi</strong></span> <span class='ocrx_word' id='word_1_43' title='bbox 250 645 367 697; x_wconf 83' lang='lat' dir='ltr'>deliciae</span> <span class='ocrx_word' id='word_1_44' title='bbox 380 645 475 697; x_wconf 81' lang='lat' dir='ltr'><strong>faciles</strong></span> <span class='ocrx_word' id='word_1_45' title='bbox 487 645 648 714; x_wconf 89' lang='lat' dir='ltr'><strong>vulgataque</strong></span> <span class='ocrx_word' id='word_1_46' title='bbox 661 655 766 700; x_wconf 88' lang='lat' dir='ltr'><strong>tanturn</strong></span> 
     </span>
    </p>

    <p class='ocr_par' dir='ltr' id='par_1_6' title="bbox 113 713 850 784">
     <span class='ocr_line' id='line_1_8' title="bbox 113 713 850 784; baseline 0.003 -18"><span class='ocrx_word' id='word_1_47' title='bbox 113 715 230 766; x_wconf 83' lang='lat' dir='ltr'><strong>Munera</strong></span> <span class='ocrx_word' id='word_1_48' title='bbox 242 715 405 782; x_wconf 86' lang='lat' dir='ltr'><strong>contingent,</strong></span> <span class='ocrx_word' id='word_1_49' title='bbox 419 713 517 766; x_wconf 89' lang='lat' dir='ltr'><strong>damae</strong></span> <span class='ocrx_word' id='word_1_50' title='bbox 530 714 686 783; x_wconf 89' lang='lat' dir='ltr'><strong>leporesque</strong></span> <span class='ocrx_word' id='word_1_51' title='bbox 699 732 850 784; x_wconf 84' lang='lat' dir='ltr'><strong>capraeque</strong></span> 
     </span>
    </p>

    <p class='ocr_par' dir='ltr' id='par_1_7' title="bbox 113 782 854 852">
     <span class='ocr_line' id='line_1_9' title="bbox 113 782 854 852; baseline 0.005 -18"><span class='ocrx_word' id='word_1_52' title='bbox 113 783 219 852; x_wconf 84' lang='lat' dir='ltr'><strong>Parque</strong></span> <span class='ocrx_word' id='word_1_53' title='bbox 232 783 419 835; x_wconf 86' lang='lat' dir='ltr'><strong>columbarum</strong></span> <span class='ocrx_word' id='word_1_54' title='bbox 431 782 593 850; x_wconf 88' lang='lat' dir='ltr'><strong>demtusque</strong></span> <span class='ocrx_word' id='word_1_55' title='bbox 606 785 747 837; x_wconf 82' lang='lat' dir='ltr'><strong>cacumine</strong></span> <span class='ocrx_word' id='word_1_56' title='bbox 759 785 854 838; x_wconf 88' lang='lat' dir='ltr'><strong>nidus:</strong></span> 
     </span>
    </p>

    <p class='ocr_par' dir='ltr' id='par_1_8' title="bbox 112 851 738 923">
     <span class='ocr_line' id='line_1_10' title="bbox 112 851 738 923; baseline 0.003 -20"><span class='ocrx_word' id='word_1_57' title='bbox 112 853 207 904; x_wconf 85' lang='lat' dir='ltr'><strong>inveni</strong></span> <span class='ocrx_word' id='word_1_58' title='bbox 220 853 350 920; x_wconf 88' lang='lat' dir='ltr'><strong>geminos,</strong></span> <span class='ocrx_word' id='word_1_59' title='bbox 363 852 409 919; x_wconf 93' lang='lat' dir='ltr'><strong>qui</strong></span> <span class='ocrx_word' id='word_1_60' title='bbox 422 859 513 903; x_wconf 90' lang='lat' dir='ltr'><strong>tecum</strong></span> <span class='ocrx_word' id='word_1_61' title='bbox 524 851 616 903; x_wconf 90' lang='lat' dir='ltr'><strong>ludere</strong></span> <span class='ocrx_word' id='word_1_62' title='bbox 630 853 738 923; x_wconf 82' lang='lat' dir='ltr'><strong>possint,</strong></span> 
     </span>
    </p>

    <p class='ocr_par' dir='ltr' id='par_1_9' title="bbox 114 919 723 990">
     <span class='ocr_line' id='line_1_11' title="bbox 114 919 723 990; baseline 0 -18"><span class='ocrx_word' id='word_1_63' title='bbox 114 920 185 972; x_wconf 87' lang='lat' dir='ltr'><strong>Inter</strong></span> <span class='ocrx_word' id='word_1_64' title='bbox 197 937 228 972; x_wconf 91' lang='lat' dir='ltr'><strong>se</strong></span> <span class='ocrx_word' id='word_1_65' title='bbox 242 921 352 987; x_wconf 84' lang='lat' dir='ltr'><strong>similes,</strong></span> <span class='ocrx_word' id='word_1_66' title='bbox 366 921 410 972; x_wconf 85' lang='lat' dir='ltr'><strong>vix</strong></span> <span class='ocrx_word' id='word_1_67' title='bbox 422 927 451 971; x_wconf 91' lang='lat' dir='ltr'><strong>ut</strong></span> <span class='ocrx_word' id='word_1_68' title='bbox 463 919 619 987; x_wconf 81' lang='lat' dir='ltr'><strong>dignoscere</strong></span> <span class='ocrx_word' id='word_1_69' title='bbox 632 922 723 990; x_wconf 89' lang='lat' dir='ltr'><strong>possis,</strong></span> 
     </span>
    </p>

    <p class='ocr_par' dir='ltr' id='par_1_10' title="bbox 116 988 765 1059">
     <span class='ocr_line' id='line_1_12' title="bbox 116 988 765 1059; baseline 0.002 -19"><span class='ocrx_word' id='word_1_70' title='bbox 116 989 231 1041; x_wconf 84' lang='lat' dir='ltr'><strong>Villosae</strong></span> <span class='ocrx_word' id='word_1_71' title='bbox 243 990 347 1041; x_wconf 89' lang='lat' dir='ltr'><strong>catulos</strong></span> <span class='ocrx_word' id='word_1_72' title='bbox 358 989 384 1040; x_wconf 90' lang='lat' dir='ltr'><strong>in</strong></span> <span class='ocrx_word' id='word_1_73' title='bbox 398 989 512 1040; x_wconf 90' lang='lat' dir='ltr'><strong>summis</strong></span> <span class='ocrx_word' id='word_1_74' title='bbox 523 988 660 1041; x_wconf 89' lang='lat' dir='ltr'><strong>montibus</strong></span> <span class='ocrx_word' id='word_1_75' title='bbox 672 1006 765 1059; x_wconf 82' lang='lat' dir='ltr'><strong>ursa03</strong></span> 
     </span>
    </p>

    <p class='ocr_par' dir='ltr' id='par_1_11' title="bbox 114 1057 775 1111">
     <span class='ocr_line' id='line_1_13' title="bbox 114 1057 775 1111; baseline 0 -1"><span class='ocrx_word' id='word_1_76' title='bbox 114 1058 208 1110; x_wconf 90' lang='lat' dir='ltr'><strong>Inveni</strong></span> <span class='ocrx_word' id='word_1_77' title='bbox 223 1067 250 1109; x_wconf 93' lang='lat' dir='ltr'><strong>et</strong></span> <span class='ocrx_word' id='word_1_78' title='bbox 262 1058 333 1111; x_wconf 85' lang='lat' dir='ltr'><strong>dixi:</strong></span> <span class='ocrx_word' id='word_1_79' title='bbox 355 1059 498 1110; x_wconf 85' lang='lat' dir='ltr'><strong>‘Dominae</strong></span> <span class='ocrx_word' id='word_1_80' title='bbox 512 1057 681 1110; x_wconf 88' lang='lat' dir='ltr'><strong>servabimus</strong></span> <span class='ocrx_word' id='word_1_81' title='bbox 693 1059 775 1110; x_wconf 76' lang='lat' dir='ltr'><strong>istos.²</strong></span> 
     </span>
    </p>

    <p class='ocr_par' dir='ltr' id='par_1_12' title="bbox 114 1125 829 1195">
     <span class='ocr_line' id='line_1_14' title="bbox 114 1125 829 1195; baseline -0.001 -15"><span class='ocrx_word' id='word_1_82' title='bbox 114 1127 176 1180; x_wconf 87' lang='lat' dir='ltr'><strong>Jam</strong></span> <span class='ocrx_word' id='word_1_83' title='bbox 189 1126 269 1178; x_wconf 92' lang='lat' dir='ltr'><strong>modo</strong></span> <span class='ocrx_word' id='word_1_84' title='bbox 281 1127 404 1178; x_wconf 90' lang='lat' dir='ltr'><strong>caeruleo</strong></span> <span class='ocrx_word' id='word_1_85' title='bbox 416 1125 529 1178; x_wconf 91' lang='lat' dir='ltr'><strong>nitidum</strong></span> <span class='ocrx_word' id='word_1_86' title='bbox 542 1135 622 1194; x_wconf 89' lang='lat' dir='ltr'><strong>caput</strong></span> <span class='ocrx_word' id='word_1_87' title='bbox 635 1142 728 1178; x_wconf 86' lang='lat' dir='ltr'><strong>exsere</strong></span> <span class='ocrx_word' id='word_1_88' title='bbox 741 1135 829 1195; x_wconf 86' lang='lat' dir='ltr'><strong>ponto,</strong></span> 
     </span>
    </p>

    <p class='ocr_par' dir='ltr' id='par_1_13' title="bbox 113 1195 829 1264">
     <span class='ocr_line' id='line_1_15' title="bbox 113 1195 829 1264; baseline -0.001 -15"><span class='ocrx_word' id='word_1_89' title='bbox 113 1197 184 1264; x_wconf 87' lang='lat' dir='ltr'><strong>Jam,</strong></span> <span class='ocrx_word' id='word_1_90' title='bbox 197 1196 318 1264; x_wconf 86' lang='lat' dir='ltr'><strong>Galatea,</strong></span> <span class='ocrx_word' id='word_1_91' title='bbox 331 1197 400 1263; x_wconf 91' lang='lat' dir='ltr'><strong>veni,</strong></span> <span class='ocrx_word' id='word_1_92' title='bbox 415 1211 466 1246; x_wconf 90' lang='lat' dir='ltr'><strong>nec</strong></span> <span class='ocrx_word' id='word_1_93' title='bbox 477 1211 590 1246; x_wconf 88' lang='lat' dir='ltr'><strong>munera</strong></span> <span class='ocrx_word' id='word_1_94' title='bbox 602 1195 711 1263; x_wconf 88' lang='lat' dir='ltr'><strong>despice</strong></span> <span class='ocrx_word' id='word_1_95' title='bbox 724 1195 829 1248; x_wconf 87' lang='lat' dir='ltr'><strong>nostra!</strong></span> 
     </span>
    </p>

    <p class='ocr_par' dir='ltr' id='par_1_14' title="bbox 114 1262 1002 1437">
     <span class='ocr_line' id='line_1_16' title="bbox 115 1262 1002 1332; baseline 0.003 -16"><span class='ocrx_word' id='word_1_96' title='bbox 115 1265 195 1316; x_wconf 88' lang='lat' dir='ltr'><strong>Certe</strong></span> <span class='ocrx_word' id='word_1_97' title='bbox 208 1281 259 1332; x_wconf 90' lang='lat' dir='ltr'><strong>ego</strong></span> <span class='ocrx_word' id='word_1_98' title='bbox 270 1282 316 1316; x_wconf 90' lang='lat' dir='ltr'><strong>me</strong></span> <span class='ocrx_word' id='word_1_99' title='bbox 328 1264 397 1332; x_wconf 89' lang='lat' dir='ltr'><strong>novi,</strong></span> <span class='ocrx_word' id='word_1_100' title='bbox 411 1262 586 1332; x_wconf 84' lang='lat' dir='ltr'><strong>liquidaeque</strong></span> <span class='ocrx_word' id='word_1_101' title='bbox 599 1263 625 1315; x_wconf 88' lang='lat' dir='ltr'><strong>in</strong></span> <span class='ocrx_word' id='word_1_102' title='bbox 639 1264 756 1332; x_wconf 85' lang='lat' dir='ltr'><strong>imagine</strong></span> <span class='ocrx_word' id='word_1_103' title='bbox 769 1265 824 1317; x_wconf 92' lang='lat' dir='ltr'><strong>vidi</strong></span> <span class='ocrx_word' id='word_1_104' title='bbox 951 1269 1002 1319; x_wconf 88' lang='grc'><strong>840</strong></span> 
     </span>
     <span class='ocr_line' id='line_1_17' title="bbox 114 1331 856 1437; baseline 0 -52"><span class='ocrx_word' id='word_1_105' title='bbox 114 1334 209 1401; x_wconf 88' lang='lat' dir='ltr'><strong>Nuper</strong></span> <span class='ocrx_word' id='word_1_106' title='bbox 221 1350 316 1401; x_wconf 82' lang='lat' dir='ltr'><strong>aquae,</strong></span> <span class='ocrx_word' id='word_1_107' title='bbox 328 1333 482 1437; x_wconf 83' lang='lat' dir='ltr'><strong>placuitque</strong></span> <span class='ocrx_word' id='word_1_108' title='bbox 495 1331 561 1383; x_wconf 90' lang='lat' dir='ltr'><strong>mihi</strong></span> <span class='ocrx_word' id='word_1_109' title='bbox 574 1349 636 1384; x_wconf 87' lang='lat' dir='ltr'><strong>mea</strong></span> <span class='ocrx_word' id='word_1_110' title='bbox 648 1332 732 1385; x_wconf 83' lang='lat' dir='ltr'><strong>forma</strong></span> <span class='ocrx_word' id='word_1_111' title='bbox 744 1334 856 1386; x_wconf 90' lang='lat' dir='ltr'><strong>videnti.</strong></span> 
     </span>
    </p>

    <p class='ocr_par' dir='ltr' id='par_1_15' title="bbox 116 1400 875 1522">
     <span class='ocr_line' id='line_1_18' title="bbox 116 1400 875 1522; baseline 0 -68"><span class='ocrx_word' id='word_1_112' title='bbox 116 1401 234 1470; x_wconf 87' lang='lat' dir='ltr'><strong>Adspice</strong></span> <span class='ocrx_word' id='word_1_113' title='bbox 247 1402 297 1454; x_wconf 86' lang='lat' dir='ltr'><strong>sim</strong></span> <span class='ocrx_word' id='word_1_114' title='bbox 311 1409 443 1522; x_wconf 83' lang='lat' dir='ltr'><strong>quantus.</strong></span> <span class='ocrx_word' id='word_1_115' title='bbox 481 1401 540 1453; x_wconf 92' lang='lat' dir='ltr'><strong>Non</strong></span> <span class='ocrx_word' id='word_1_116' title='bbox 553 1408 593 1452; x_wconf 90' lang='lat' dir='ltr'><strong>est</strong></span> <span class='ocrx_word' id='word_1_117' title='bbox 606 1400 656 1453; x_wconf 88' lang='lat' dir='ltr'><strong>hoc</strong></span> <span class='ocrx_word' id='word_1_118' title='bbox 669 1418 777 1470; x_wconf 88' lang='lat' dir='ltr'><strong>corpore</strong></span> <span class='ocrx_word' id='word_1_119' title='bbox 789 1401 875 1470; x_wconf 87' lang='lat' dir='ltr'><strong>major</strong></span> 
     </span>
    </p>

    <p class='ocr_par' dir='ltr' id='par_1_16' title="bbox 116 1470 725 1538">
     <span class='ocr_line' id='line_1_19' title="bbox 116 1470 725 1538; baseline -0.002 -16"><span class='ocrx_word' id='word_1_120' title='bbox 116 1471 221 1538; x_wconf 90' lang='lat' dir='ltr'><strong>Jupiter</strong></span> <span class='ocrx_word' id='word_1_121' title='bbox 233 1471 260 1522; x_wconf 89' lang='lat' dir='ltr'><strong>in</strong></span> <span class='ocrx_word' id='word_1_122' title='bbox 272 1487 320 1522; x_wconf 90' lang='lat' dir='ltr'><strong>coe</strong></span> <span class='ocrx_word' id='word_1_123' title='bbox 330 1486 361 1522; x_wconf 92' lang='lat' dir='ltr'><strong>o:</strong></span> <span class='ocrx_word' id='word_1_124' title='bbox 380 1475 443 1521; x_wconf 85' lang='lat' dir='ltr'><strong>nain</strong></span> <span class='ocrx_word' id='word_1_125' title='bbox 456 1485 503 1521; x_wconf 91' lang='lat' dir='ltr'><strong>vos</strong></span> <span class='ocrx_word' id='word_1_126' title='bbox 516 1485 621 1520; x_wconf 88' lang='lat' dir='ltr'><strong>narrare</strong></span> <span class='ocrx_word' id='word_1_127' title='bbox 634 1470 725 1522; x_wconf 90' lang='lat' dir='ltr'><strong>soletis</strong></span> 
     </span>
    </p>

    <p class='ocr_par' dir='ltr' id='par_1_17' title="bbox 116 1537 1003 1744">
     <span class='ocr_line' id='line_1_20' title="bbox 116 1537 895 1607; baseline -0.001 -17"><span class='ocrx_word' id='word_1_128' title='bbox 116 1540 217 1591; x_wconf 87' lang='lat' dir='ltr'><strong>Nescio</strong></span> <span class='ocrx_word' id='word_1_129' title='bbox 229 1555 311 1606; x_wconf 87' lang='lat' dir='ltr'><strong>quem</strong></span> <span class='ocrx_word' id='word_1_130' title='bbox 323 1555 434 1606; x_wconf 89' lang='lat' dir='ltr'><strong>regnare</strong></span> <span class='ocrx_word' id='word_1_131' title='bbox 446 1538 551 1590; x_wconf 87' lang='lat' dir='ltr'><strong>Jovern.</strong></span> <span class='ocrx_word' id='word_1_132' title='bbox 588 1537 670 1590; x_wconf 90' lang='lat' dir='ltr'><strong>Coma</strong></span> <span class='ocrx_word' id='word_1_133' title='bbox 682 1538 795 1607; x_wconf 87' lang='lat' dir='ltr'><strong>plurima</strong></span> <span class='ocrx_word' id='word_1_134' title='bbox 808 1547 895 1591; x_wconf 88' lang='lat' dir='ltr'><strong>torvos</strong></span> 
     </span>
     <span class='ocr_line' id='line_1_21' title="bbox 118 1605 1003 1674; baseline 0.001 -15"><span class='ocrx_word' id='word_1_135' title='bbox 118 1608 254 1661; x_wconf 84' lang='lat' dir='ltr'><strong>Prominet</strong></span> <span class='ocrx_word' id='word_1_136' title='bbox 265 1608 291 1660; x_wconf 89' lang='lat' dir='ltr'><strong>in</strong></span> <span class='ocrx_word' id='word_1_137' title='bbox 304 1607 401 1674; x_wconf 89' lang='lat' dir='ltr'><strong>vultus,</strong></span> <span class='ocrx_word' id='word_1_138' title='bbox 415 1605 594 1674; x_wconf 90' lang='lat' dir='ltr'><strong>humerosque</strong></span> <span class='ocrx_word' id='word_1_139' title='bbox 607 1614 637 1658; x_wconf 91' lang='lat' dir='ltr'><strong>ut</strong></span> <span class='ocrx_word' id='word_1_140' title='bbox 650 1607 726 1659; x_wconf 89' lang='lat' dir='ltr'><strong>lucus</strong></span> <span class='ocrx_word' id='word_1_141' title='bbox 737 1607 888 1661; x_wconf 90' lang='lat' dir='ltr'><strong>obumbrat.</strong></span> <span class='ocrx_word' id='word_1_142' title='bbox 952 1610 1003 1660; x_wconf 83' lang='grc'><strong>845</strong></span> 
     </span>
     <span class='ocr_line' id='line_1_22' title="bbox 117 1674 809 1744; baseline -0.003 -16"><span class='ocrx_word' id='word_1_143' title='bbox 117 1677 177 1729; x_wconf 88' lang='lat' dir='ltr'><strong>Nec</strong></span> <span class='ocrx_word' id='word_1_144' title='bbox 189 1680 253 1728; x_wconf 80' lang='lat' dir='ltr'><strong>me‘a</strong></span> <span class='ocrx_word' id='word_1_145' title='bbox 264 1674 336 1744; x_wconf 89' lang='lat' dir='ltr'><strong>qnod</strong></span> <span class='ocrx_word' id='word_1_146' title='bbox 349 1675 440 1743; x_wconf 88' lang='lat' dir='ltr'><strong>rigidis</strong></span> <span class='ocrx_word' id='word_1_147' title='bbox 451 1675 557 1727; x_wconf 89' lang='lat' dir='ltr'><strong>horrent</strong></span> <span class='ocrx_word' id='word_1_148' title='bbox 570 1675 730 1728; x_wconf 90' lang='lat' dir='ltr'><strong>densissima</strong></span> <span class='ocrx_word' id='word_1_149' title='bbox 742 1677 809 1728; x_wconf 88' lang='lat' dir='ltr'><strong>setis</strong></span> 
     </span>
    </p>

    <p class='ocr_par' dir='ltr' id='par_1_18' title="bbox 118 1744 841 1815">
     <span class='ocr_line' id='line_1_23' title="bbox 118 1744 841 1815; baseline 0.001 -18"><span class='ocrx_word' id='word_1_150' title='bbox 118 1745 240 1814; x_wconf 89' lang='lat' dir='ltr'><strong>Corpora,</strong></span> <span class='ocrx_word' id='word_1_151' title='bbox 254 1753 330 1812; x_wconf 85' lang='lat' dir='ltr'><strong>turpe</strong></span> <span class='ocrx_word' id='word_1_152' title='bbox 342 1753 421 1813; x_wconf 90' lang='lat' dir='ltr'><strong>puta:</strong></span> <span class='ocrx_word' id='word_1_153' title='bbox 442 1744 526 1811; x_wconf 87' lang='lat' dir='ltr'><strong>turpis</strong></span> <span class='ocrx_word' id='word_1_154' title='bbox 537 1745 593 1795; x_wconf 91' lang='lat' dir='ltr'><strong>sine</strong></span> <span class='ocrx_word' id='word_1_155' title='bbox 606 1744 744 1797; x_wconf 88' lang='lat' dir='ltr'><strong>frondibus</strong></span> <span class='ocrx_word' id='word_1_156' title='bbox 755 1744 841 1815; x_wconf 90' lang='lat' dir='ltr'><strong>arbos,</strong></span> 
     </span>
    </p>

    <p class='ocr_par' dir='ltr' id='par_1_19' title="bbox 118 1811 836 1882">
     <span class='ocr_line' id='line_1_24' title="bbox 118 1811 836 1882; baseline 0 -16"><span class='ocrx_word' id='word_1_157' title='bbox 118 1814 216 1882; x_wconf 90' lang='lat' dir='ltr'><strong>Turpis</strong></span> <span class='ocrx_word' id='word_1_158' title='bbox 228 1831 321 1882; x_wconf 89' lang='lat' dir='ltr'><strong>equus,</strong></span> <span class='ocrx_word' id='word_1_159' title='bbox 334 1813 386 1865; x_wconf 89' lang='lat' dir='ltr'><strong>nisi</strong></span> <span class='ocrx_word' id='word_1_160' title='bbox 398 1812 466 1864; x_wconf 88' lang='lat' dir='ltr'><strong>colla</strong></span> <span class='ocrx_word' id='word_1_161' title='bbox 477 1811 559 1881; x_wconf 85' lang='lat' dir='ltr'><strong>jubae</strong></span> <span class='ocrx_word' id='word_1_162' title='bbox 572 1813 698 1865; x_wconf 90' lang='lat' dir='ltr'><strong>flaventia</strong></span> <span class='ocrx_word' id='word_1_163' title='bbox 710 1814 809 1866; x_wconf 88' lang='lat' dir='ltr'><strong>velent.</strong></span> <span class='ocrx_word' id='word_1_164' title='bbox 833 1847 836 1854; x_wconf 54' lang='grc' dir='ltr'>ι</span> 
     </span>
    </p>

    <p class='ocr_par' dir='ltr' id='par_1_20' title="bbox 118 1881 849 1950">
     <span class='ocr_line' id='line_1_25' title="bbox 118 1881 849 1950; baseline 0 -16"><span class='ocrx_word' id='word_1_165' title='bbox 118 1882 215 1934; x_wconf 86' lang='lat' dir='ltr'><strong>Pluma</strong></span> <span class='ocrx_word' id='word_1_166' title='bbox 227 1883 294 1950; x_wconf 89' lang='lat' dir='ltr'><strong>tegit</strong></span> <span class='ocrx_word' id='word_1_167' title='bbox 308 1882 438 1944; x_wconf 82' lang='lat' dir='ltr'><strong>volucres,</strong></span> <span class='ocrx_word' id='word_1_168' title='bbox 450 1881 546 1933; x_wconf 87' lang='lat' dir='ltr'><strong>ovibus</strong></span> <span class='ocrx_word' id='word_1_169' title='bbox 558 1882 680 1934; x_wconf 85' lang='lat' dir='ltr'><strong>sualane</strong></span> <span class='ocrx_word' id='word_1_170' title='bbox 692 1881 780 1934; x_wconf 91' lang='lat' dir='ltr'><strong>decori</strong></span> <span class='ocrx_word' id='word_1_171' title='bbox 793 1890 849 1935; x_wconf 90' lang='lat' dir='ltr'><strong>est:</strong></span> 
     </span>
    </p>

    <p class='ocr_par' dir='ltr' id='par_1_21' title="bbox 119 1950 1005 2080">
     <span class='ocr_line' id='line_1_26' title="bbox 119 1950 1005 2019; baseline 0.002 -17"><span class='ocrx_word' id='word_1_172' title='bbox 119 1951 208 2003; x_wconf 89' lang='lat' dir='ltr'><strong>Barba</strong></span> <span class='ocrx_word' id='word_1_173' title='bbox 221 1951 289 2003; x_wconf 89' lang='lat' dir='ltr'><strong>viros</strong></span> <span class='ocrx_word' id='word_1_174' title='bbox 301 1950 441 2019; x_wconf 82' lang='lat' dir='ltr'><strong>hirtaeque</strong></span> <span class='ocrx_word' id='word_1_175' title='bbox 454 1951 551 2003; x_wconf 91' lang='lat' dir='ltr'><strong>decent</strong></span> <span class='ocrx_word' id='word_1_176' title='bbox 564 1951 590 2002; x_wconf 88' lang='lat' dir='ltr'><strong>in</strong></span> <span class='ocrx_word' id='word_1_177' title='bbox 603 1965 710 2018; x_wconf 89' lang='lat' dir='ltr'><strong>corpore</strong></span> <span class='ocrx_word' id='word_1_178' title='bbox 723 1960 807 2003; x_wconf 86' lang='lat' dir='ltr'><strong>setae.</strong></span> <span class='ocrx_word' id='word_1_179' title='bbox 953 1952 1005 2005; x_wconf 86' lang='grc'><strong>850</strong></span> 
     </span>
     <span class='ocr_line' id='line_1_27' title="bbox 119 2019 855 2080; baseline 0 -8"><span class='ocrx_word' id='word_1_180' title='bbox 119 2019 211 2072; x_wconf 90' lang='lat' dir='ltr'><strong>Unum</strong></span> <span class='ocrx_word' id='word_1_181' title='bbox 223 2020 305 2072; x_wconf 91' lang='lat' dir='ltr'><strong>estin</strong></span> <span class='ocrx_word' id='word_1_182' title='bbox 316 2020 408 2072; x_wconf 89' lang='lat' dir='ltr'><strong>media</strong></span> <span class='ocrx_word' id='word_1_183' title='bbox 420 2019 512 2072; x_wconf 86' lang='lat' dir='ltr'><strong>lumen</strong></span> <span class='ocrx_word' id='word_1_184' title='bbox 525 2019 591 2071; x_wconf 91' lang='lat' dir='ltr'><strong>mihi</strong></span> <span class='ocrx_word' id='word_1_185' title='bbox 604 2019 699 2080; x_wconf 88' lang='lat' dir='ltr'><strong>fronte,</strong></span> <span class='ocrx_word' id='word_1_186' title='bbox 712 2020 760 2071; x_wconf 91' lang='lat' dir='ltr'><strong>sed</strong></span> <span class='ocrx_word' id='word_1_187' title='bbox 774 2020 855 2072; x_wconf 87' lang='lat' dir='ltr'><strong>instar</strong></span> 
     </span>
    </p>

    <p class='ocr_par' dir='ltr' id='par_1_22' title="bbox 120 2088 898 2157">
     <span class='ocr_line' id='line_1_28' title="bbox 120 2088 898 2157; baseline 0.003 -17"><span class='ocrx_word' id='word_1_188' title='bbox 120 2088 240 2154; x_wconf 87' lang='lat' dir='ltr'><strong>Ingentis</strong></span> <span class='ocrx_word' id='word_1_189' title='bbox 251 2088 350 2156; x_wconf 90' lang='lat' dir='ltr'><strong>clypei.</strong></span> <span class='ocrx_word' id='word_1_190' title='bbox 387 2088 479 2146; x_wconf 78' lang='lat' dir='ltr'><strong>Quint</strong></span> <span class='ocrx_word' id='word_1_191' title='bbox 496 2105 548 2139; x_wconf 90' lang='lat' dir='ltr'><strong>non</strong></span> <span class='ocrx_word' id='word_1_192' title='bbox 561 2088 730 2140; x_wconf 89' lang='lat' dir='ltr'><strong>haecomnia</strong></span> <span class='ocrx_word' id='word_1_193' title='bbox 742 2105 839 2157; x_wconf 89' lang='lat' dir='ltr'><strong>magno</strong></span> <span class='ocrx_word' id='word_1_194' title='bbox 892 2142 898 2153; x_wconf 73' lang='grc'><strong>,</strong></span> 
     </span>
    </p>

    <p class='ocr_par' dir='ltr' id='par_1_23' title="bbox 120 2157 789 2210">
     <span class='ocr_line' id='line_1_29' title="bbox 120 2157 789 2210; baseline 0.003 -2"><span class='ocrx_word' id='word_1_195' title='bbox 120 2157 164 2209; x_wconf 86' lang='lat' dir='ltr'><strong>Sol</strong></span> <span class='ocrx_word' id='word_1_196' title='bbox 175 2157 250 2209; x_wconf 83' lang='lat' dir='ltr'><strong>videt</strong></span> <span class='ocrx_word' id='word_1_197' title='bbox 262 2174 278 2209; x_wconf 90' lang='lat' dir='ltr'><strong>e</strong></span> <span class='ocrx_word' id='word_1_198' title='bbox 291 2157 385 2209; x_wconf 66' lang='lat' dir='ltr'><strong>coelo?</strong></span> <span class='ocrx_word' id='word_1_199' title='bbox 420 2157 488 2210; x_wconf 91' lang='lat' dir='ltr'><strong>Solis</strong></span> <span class='ocrx_word' id='word_1_200' title='bbox 500 2165 590 2209; x_wconf 85' lang='lat' dir='ltr'><strong>tamen</strong></span> <span class='ocrx_word' id='word_1_201' title='bbox 605 2157 700 2209; x_wconf 88' lang='lat' dir='ltr'><strong>unicus</strong></span> <span class='ocrx_word' id='word_1_202' title='bbox 711 2157 789 2210; x_wconf 91' lang='lat' dir='ltr'><strong>orbis.</strong></span> 
     </span>
    </p>

    <p class='ocr_par' dir='ltr' id='par_1_24' title="bbox 120 2225 883 2295">
     <span class='ocr_line' id='line_1_30' title="bbox 120 2225 883 2295; baseline 0.003 -17"><span class='ocrx_word' id='word_1_203' title='bbox 120 2225 208 2294; x_wconf 87' lang='lat' dir='ltr'><strong>Adde,</strong></span> <span class='ocrx_word' id='word_1_204' title='bbox 222 2226 292 2294; x_wconf 91' lang='lat' dir='ltr'><strong>quod</strong></span> <span class='ocrx_word' id='word_1_205' title='bbox 305 2226 331 2278; x_wconf 92' lang='lat' dir='ltr'><strong>in</strong></span> <span class='ocrx_word' id='word_1_206' title='bbox 345 2233 431 2277; x_wconf 90' lang='lat' dir='ltr'><strong>vestro</strong></span> <span class='ocrx_word' id='word_1_207' title='bbox 443 2226 545 2293; x_wconf 90' lang='lat' dir='ltr'><strong>genitor</strong></span> <span class='ocrx_word' id='word_1_208' title='bbox 558 2243 636 2278; x_wconf 91' lang='lat' dir='ltr'><strong>meus</strong></span> <span class='ocrx_word' id='word_1_209' title='bbox 647 2241 763 2294; x_wconf 89' lang='lat' dir='ltr'><strong>aequore</strong></span> <span class='ocrx_word' id='word_1_210' title='bbox 776 2234 883 2295; x_wconf 89' lang='lat' dir='ltr'><strong>regnat:</strong></span> 
     </span>
    </p>

    <p class='ocr_par' dir='ltr' id='par_1_25' title="bbox 120 2294 1004 2431">
     <span class='ocr_line' id='line_1_31' title="bbox 120 2294 1004 2364; baseline 0.005 -19"><span class='ocrx_word' id='word_1_211' title='bbox 120 2295 197 2345; x_wconf 86' lang='lat' dir='ltr'><strong>Hunc</strong></span> <span class='ocrx_word' id='word_1_212' title='bbox 210 2295 259 2347; x_wconf 91' lang='lat' dir='ltr'><strong>tibi</strong></span> <span class='ocrx_word' id='word_1_213' title='bbox 270 2294 303 2346; x_wconf 92' lang='lat' dir='ltr'><strong>do</strong></span> <span class='ocrx_word' id='word_1_214' title='bbox 317 2311 447 2346; x_wconf 86' lang='lat' dir='ltr'><strong>socerum.</strong></span> <span class='ocrx_word' id='word_1_215' title='bbox 484 2294 600 2347; x_wconf 87' lang='lat' dir='ltr'><strong>Tantum</strong></span> <span class='ocrx_word' id='word_1_216' title='bbox 613 2296 749 2360; x_wconf 89' lang='lat' dir='ltr'><strong>miserere,</strong></span> <span class='ocrx_word' id='word_1_217' title='bbox 763 2312 910 2364; x_wconf 89' lang='lat' dir='ltr'><strong>precesque</strong></span> <span class='ocrx_word' id='word_1_218' title='bbox 953 2298 1004 2349; x_wconf 88' lang='grc'><strong>855</strong></span> 
     </span>
     <span class='ocr_line' id='line_1_32' title="bbox 121 2362 819 2431; baseline 0 -17"><span class='ocrx_word' id='word_1_219' title='bbox 121 2362 252 2430; x_wconf 78' lang='lat' dir='ltr'><strong>Supplicia</strong></span> <span class='ocrx_word' id='word_1_220' title='bbox 264 2363 378 2415; x_wconf 85' lang='lat' dir='ltr'><strong>exandi:</strong></span> <span class='ocrx_word' id='word_1_221' title='bbox 398 2363 445 2415; x_wconf 94' lang='lat' dir='ltr'><strong>tibi</strong></span> <span class='ocrx_word' id='word_1_222' title='bbox 458 2363 531 2414; x_wconf 88' lang='lat' dir='ltr'><strong>enirn</strong></span> <span class='ocrx_word' id='word_1_223' title='bbox 543 2362 746 2416; x_wconf 88' lang='lat' dir='ltr'><strong>succumbimus</strong></span> <span class='ocrx_word' id='word_1_224' title='bbox 758 2364 819 2431; x_wconf 75' lang='lat' dir='ltr'><strong>uni5</strong></span> 
     </span>
    </p>

    <p class='ocr_par' dir='ltr' id='par_1_26' title="bbox 119 2430 938 2568">
     <span class='ocr_line' id='line_1_33' title="bbox 120 2430 938 2501; baseline 0 -19"><span class='ocrx_word' id='word_1_225' title='bbox 120 2430 226 2500; x_wconf 83' lang='lat' dir='ltr'><strong>Quique</strong></span> <span class='ocrx_word' id='word_1_226' title='bbox 238 2433 332 2485; x_wconf 89' lang='lat' dir='ltr'><strong>Jovem</strong></span> <span class='ocrx_word' id='word_1_227' title='bbox 346 2440 372 2483; x_wconf 92' lang='lat' dir='ltr'><strong>et</strong></span> <span class='ocrx_word' id='word_1_228' title='bbox 385 2432 488 2483; x_wconf 90' lang='lat' dir='ltr'><strong>coelum</strong></span> <span class='ocrx_word' id='word_1_229' title='bbox 502 2449 597 2500; x_wconf 87' lang='lat' dir='ltr'><strong>sperno</strong></span> <span class='ocrx_word' id='word_1_230' title='bbox 610 2441 636 2483; x_wconf 87' lang='lat' dir='ltr'><strong>et</strong></span> <span class='ocrx_word' id='word_1_231' title='bbox 648 2430 814 2500; x_wconf 86' lang='lat' dir='ltr'><strong>penetrabile</strong></span> <span class='ocrx_word' id='word_1_232' title='bbox 826 2430 938 2501; x_wconf 86' lang='lat' dir='ltr'><strong>fulmen,</strong></span> 
     </span>
     <span class='ocr_line' id='line_1_34' title="bbox 119 2499 788 2568; baseline 0 -16"><span class='ocrx_word' id='word_1_233' title='bbox 119 2500 211 2568; x_wconf 82' lang='lat' dir='ltr'><strong>Nere&#39;i‘,</strong></span> <span class='ocrx_word' id='word_1_234' title='bbox 225 2508 252 2552; x_wconf 90' lang='lat' dir='ltr'><strong>te</strong></span> <span class='ocrx_word' id='word_1_235' title='bbox 263 2516 369 2552; x_wconf 88' lang='lat' dir='ltr'><strong>vereor:</strong></span> <span class='ocrx_word' id='word_1_236' title='bbox 388 2509 435 2552; x_wconf 85' lang='lat' dir='ltr'><strong>tua</strong></span> <span class='ocrx_word' id='word_1_237' title='bbox 447 2499 561 2552; x_wconf 84' lang='lat' dir='ltr'><strong>fulmine</strong></span> <span class='ocrx_word' id='word_1_238' title='bbox 573 2501 677 2553; x_wconf 88' lang='lat' dir='ltr'><strong>saevior</strong></span> <span class='ocrx_word' id='word_1_239' title='bbox 688 2499 726 2552; x_wconf 90' lang='lat' dir='ltr'><strong>ira</strong></span> <span class='ocrx_word' id='word_1_240' title='bbox 739 2508 788 2552; x_wconf 90' lang='lat' dir='ltr'><strong>est.</strong></span> 
     </span>
    </p>
   </div>
   <div class='ocr_carea' id='block_1_3' title="bbox 79 2641 1035 3465">
    <p class='ocr_par' dir='ltr' id='par_1_27' title="bbox 79 2641 1035 3465">
     <span class='ocr_line' id='line_1_35' title="bbox 82 2641 1003 2702; baseline 0 -12"><span class='ocrx_word' id='word_1_241' title='bbox 82 2641 192 2702; x_wconf 86' lang='lat' dir='ltr'><strong>pecudes</strong></span> <span class='ocrx_word' id='word_1_242' title='bbox 208 2657 236 2688; x_wconf 93' lang='lat' dir='ltr'><strong>or</strong></span> <span class='ocrx_word' id='word_1_243' title='bbox 251 2657 309 2689; x_wconf 86' lang='lat' dir='ltr'><strong>oves</strong></span> <span class='ocrx_word' id='word_1_244' title='bbox 325 2641 386 2689; x_wconf 90' lang='lat' dir='ltr'><strong>from</strong></span> <span class='ocrx_word' id='word_1_245' title='bbox 402 2642 444 2689; x_wconf 89' lang='lat' dir='ltr'><strong>the</strong></span> <span class='ocrx_word' id='word_1_246' title='bbox 460 2641 592 2702; x_wconf 87' lang='lat' dir='ltr'><strong>preceding</strong></span> <span class='ocrx_word' id='word_1_247' title='bbox 608 2645 787 2701; x_wconf 76' lang='lat' dir='ltr'><strong>pecua-826.</strong></span> <span class='ocrx_word' id='word_1_248' title='bbox 805 2641 875 2690; x_wconf 88' lang='lat' dir='ltr'><strong>Join:</strong></span> <span class='ocrx_word' id='word_1_249' title='bbox 894 2643 1003 2691; x_wconf 84' lang='lat' dir='ltr'><strong>cruribus</strong></span> 
     </span>
     <span class='ocr_line' id='line_1_36' title="bbox 82 2699 1004 2761; baseline -0.001 -12"><span class='ocrx_word' id='word_1_250' title='bbox 82 2701 222 2749; x_wconf 81' lang='lat' dir='ltr'><strong>sustineant</strong></span> <span class='ocrx_word' id='word_1_251' title='bbox 238 2699 327 2748; x_wconf 88' lang='lat' dir='ltr'><strong>distent</strong></span> <span class='ocrx_word' id='word_1_252' title='bbox 344 2702 508 2748; x_wconf 77' lang='lat' dir='ltr'><strong>uben-827.</strong></span> <span class='ocrx_word' id='word_1_253' title='bbox 525 2700 617 2748; x_wconf 82' lang='lat' dir='ltr'><strong>Fetoro</strong></span> <span class='ocrx_word' id='word_1_254' title='bbox 627 2703 712 2755; x_wconf 76' lang='lat' dir='ltr'><strong>minor,</strong></span> <span class='ocrx_word' id='word_1_255' title='bbox 725 2701 767 2748; x_wconf 88' lang='lat' dir='ltr'><strong>the</strong></span> <span class='ocrx_word' id='word_1_256' title='bbox 779 2715 887 2761; x_wconf 85' lang='lat' dir='ltr'><strong>younger</strong></span> <span class='ocrx_word' id='word_1_257' title='bbox 903 2716 1004 2749; x_wconf 83' lang='lat' dir='ltr'><strong>raca.-</strong></span> 
     </span>
     <span class='ocr_line' id='line_1_37' title="bbox 82 2758 1004 2820; baseline 0.001 -13"><span class='ocrx_word' id='word_1_258' title='bbox 82 2763 138 2808; x_wconf 72' lang='lat'><strong>828.</strong></span> <span class='ocrx_word' id='word_1_259' title='bbox 160 2758 215 2806; x_wconf 85' lang='lat' dir='ltr'><strong>Por</strong></span> <span class='ocrx_word' id='word_1_260' title='bbox 232 2768 306 2814; x_wconf 72' lang='lat' dir='ltr'><strong>actua</strong></span> <span class='ocrx_word' id='word_1_261' title='bbox 327 2774 358 2806; x_wconf 86' lang='lat' dir='ltr'><strong>aa</strong></span> <span class='ocrx_word' id='word_1_262' title='bbox 378 2759 450 2817; x_wconf 89' lang='lat' dir='ltr'><strong>equal</strong></span> <span class='ocrx_word' id='word_1_263' title='bbox 471 2774 531 2818; x_wconf 81' lang='lat' dir='ltr'><strong>age3</strong></span> <span class='ocrx_word' id='word_1_264' title='bbox 553 2759 652 2815; x_wconf 82' lang='lat' dir='ltr'><strong>thetis,</strong></span> <span class='ocrx_word' id='word_1_265' title='bbox 675 2775 761 2806; x_wconf 86' lang='lat' dir='ltr'><strong>araoe</strong></span> <span class='ocrx_word' id='word_1_266' title='bbox 779 2759 808 2807; x_wconf 87' lang='lat' dir='ltr'><strong>of</strong></span> <span class='ocrx_word' id='word_1_267' title='bbox 822 2761 894 2820; x_wconf 89' lang='lat' dir='ltr'><strong>equal</strong></span> <span class='ocrx_word' id='word_1_268' title='bbox 943 2776 1004 2807; x_wconf 89' lang='lat' dir='ltr'><strong>e.-</strong></span> 
     </span>
     <span class='ocr_line' id='line_1_38' title="bbox 82 2816 1002 2878; baseline 0.002 -12"><span class='ocrx_word' id='word_1_269' title='bbox 82 2821 137 2866; x_wconf 81' lang='grc'><strong>830.</strong></span> <span class='ocrx_word' id='word_1_270' title='bbox 163 2816 262 2864; x_wconf 84' lang='lat' dir='ltr'><strong>Partem</strong></span> <span class='ocrx_word' id='word_1_271' title='bbox 286 2820 385 2878; x_wconf 82' lang='lat' dir='ltr'><strong>coagulo</strong></span> <span class='ocrx_word' id='word_1_272' title='bbox 405 2821 502 2864; x_wconf 82' lang='lat' dir='ltr'><strong>dorent.</strong></span> <span class='ocrx_word' id='word_1_273' title='bbox 546 2816 597 2864; x_wconf 88' lang='lat' dir='ltr'><strong>Coa</strong></span> <span class='ocrx_word' id='word_1_274' title='bbox 617 2818 665 2874; x_wconf 90' lang='lat' dir='ltr'><strong>ula,</strong></span> <span class='ocrx_word' id='word_1_275' title='bbox 688 2827 784 2875; x_wconf 88' lang='lat' dir='ltr'><strong>rnnnet,</strong></span> <span class='ocrx_word' id='word_1_276' title='bbox 809 2819 889 2878; x_wconf 90' lang='lat' dir='ltr'><strong>pieces</strong></span> <span class='ocrx_word' id='word_1_277' title='bbox 910 2835 925 2868; x_wconf 96' lang='lat' dir='ltr'><strong>o</strong></span> <span class='ocrx_word' id='word_1_278' title='bbox 961 2819 1002 2868; x_wconf 83' lang='lat' dir='ltr'><strong>tha</strong></span> 
     </span>
     <span class='ocr_line' id='line_1_39' title="bbox 81 2833 1003 2943; baseline 0.005 -21"><span class='ocrx_word' id='word_1_279' title='bbox 81 2875 196 2923; x_wconf 81' lang='lat' dir='ltr'><strong>steinach</strong></span> <span class='ocrx_word' id='word_1_280' title='bbox 217 2874 245 2921; x_wconf 88' lang='lat' dir='ltr'><strong>of</strong></span> <span class='ocrx_word' id='word_1_281' title='bbox 267 2876 308 2943; x_wconf 76' lang='lat' dir='ltr'><strong>the</strong></span> <span class='ocrx_word' id='word_1_282' title='bbox 334 2874 389 2943; x_wconf 84' lang='lat' dir='ltr'><strong>call,</strong></span> <span class='ocrx_word' id='word_1_283' title='bbox 412 2876 488 2942; x_wconf 85' lang='lat' dir='ltr'><strong>dried,</strong></span> <span class='ocrx_word' id='word_1_284' title='bbox 511 2833 615 2942; x_wconf 64' lang='lat' dir='ltr'><strong>steeped</strong></span> <span class='ocrx_word' id='word_1_285' title='bbox 634 2877 658 2924; x_wconf 92' lang='lat' dir='ltr'><strong>in</strong></span> <span class='ocrx_word' id='word_1_286' title='bbox 678 2888 755 2925; x_wconf 87' lang='lat' dir='ltr'><strong>water</strong></span> <span class='ocrx_word' id='word_1_287' title='bbox 778 2877 933 2938; x_wconf 85' lang='lat' dir='ltr'><strong>(liquefacta),</strong></span> <span class='ocrx_word' id='word_1_288' title='bbox 956 2878 1003 2928; x_wconf 84' lang='lat' dir='ltr'><strong>aod</strong></span> 
     </span>
     <span class='ocr_line' id='line_1_40' title="bbox 82 2933 1035 2995; baseline 0.009 -15"><span class='ocrx_word' id='word_1_289' title='bbox 82 2935 144 2980; x_wconf 89' lang='lat' dir='ltr'><strong>then</strong></span> <span class='ocrx_word' id='word_1_290' title='bbox 161 2933 257 2980; x_wconf 89' lang='lat' dir='ltr'><strong>thrown</strong></span> <span class='ocrx_word' id='word_1_291' title='bbox 273 2943 324 2982; x_wconf 91' lang='lat' dir='ltr'><strong>mto</strong></span> <span class='ocrx_word' id='word_1_292' title='bbox 339 2934 409 2989; x_wconf 87' lang='lat' dir='ltr'><strong>milk,</strong></span> <span class='ocrx_word' id='word_1_293' title='bbox 429 2933 509 2981; x_wconf 85' lang='lat' dir='ltr'><strong>which</strong></span> <span class='ocrx_word' id='word_1_294' title='bbox 525 2949 546 2981; x_wconf 88' lang='lat' dir='ltr'><strong>rs</strong></span> <span class='ocrx_word' id='word_1_295' title='bbox 562 2934 664 2994; x_wconf 84' lang='lat' dir='ltr'><strong>thereby</strong></span> <span class='ocrx_word' id='word_1_296' title='bbox 680 2936 779 2984; x_wconf 90' lang='lat' dir='ltr'><strong>curdled</strong></span> <span class='ocrx_word' id='word_1_297' title='bbox 796 2939 1002 2995; x_wconf 83' lang='lat' dir='ltr'><strong>(durant).-837.</strong></span> <span class='ocrx_word' id='word_1_298' title='bbox 1030 2950 1035 2955; x_wconf 81' lang='grc'><em>”</em></span> 
     </span>
     <span class='ocr_line' id='line_1_41' title="bbox 81 2991 1002 3054; baseline 0.004 -14"><span class='ocrx_word' id='word_1_299' title='bbox 81 2991 209 3040; x_wconf 76' lang='lat' dir='ltr'><strong>Dominae.</strong></span> <span class='ocrx_word' id='word_1_300' title='bbox 248 2992 303 3040; x_wconf 89' lang='lat' dir='ltr'><strong>The</strong></span> <span class='ocrx_word' id='word_1_301' title='bbox 324 2993 409 3039; x_wconf 93' lang='lat' dir='ltr'><strong>odious</strong></span> <span class='ocrx_word' id='word_1_302' title='bbox 434 3007 506 3039; x_wconf 90' lang='lat' dir='ltr'><strong>sense</strong></span> <span class='ocrx_word' id='word_1_303' title='bbox 527 2992 640 3041; x_wconf 85' lang='lat' dir='ltr'><strong>attached</strong></span> <span class='ocrx_word' id='word_1_304' title='bbox 661 2995 694 3054; x_wconf 88' lang='lat' dir='ltr'><strong>by</strong></span> <span class='ocrx_word' id='word_1_305' title='bbox 715 2995 756 3044; x_wconf 88' lang='lat' dir='ltr'><strong>the</strong></span> <span class='ocrx_word' id='word_1_306' title='bbox 779 2997 888 3046; x_wconf 87' lang='lat' dir='ltr'><strong>Romans</strong></span> <span class='ocrx_word' id='word_1_307' title='bbox 913 3007 940 3046; x_wconf 92' lang='lat' dir='ltr'><strong>to</strong></span> <span class='ocrx_word' id='word_1_308' title='bbox 960 2997 1002 3044; x_wconf 82' lang='lat' dir='ltr'><strong>tha</strong></span> 
     </span>
     <span class='ocr_line' id='line_1_42' title="bbox 81 3049 1001 3115; baseline 0.004 -19"><span class='ocrx_word' id='word_1_309' title='bbox 81 3049 152 3097; x_wconf 85' lang='lat' dir='ltr'><strong>word</strong></span> <span class='ocrx_word' id='word_1_310' title='bbox 168 3050 281 3098; x_wconf 90' lang='lat' dir='ltr'><strong>dominus</strong></span> <span class='ocrx_word' id='word_1_311' title='bbox 303 3051 389 3110; x_wconf 86' lang='lat' dir='ltr'><strong>begins</strong></span> <span class='ocrx_word' id='word_1_312' title='bbox 410 3051 434 3096; x_wconf 91' lang='lat' dir='ltr'><strong>in</strong></span> <span class='ocrx_word' id='word_1_313' title='bbox 455 3049 496 3097; x_wconf 90' lang='lat' dir='ltr'><strong>the</strong></span> <span class='ocrx_word' id='word_1_314' title='bbox 513 3052 553 3097; x_wconf 85' lang='lat' dir='ltr'><strong>Au</strong></span> <span class='ocrx_word' id='word_1_315' title='bbox 590 3062 646 3100; x_wconf 88' lang='lat' dir='ltr'><strong>stan</strong></span> <span class='ocrx_word' id='word_1_316' title='bbox 666 3069 711 3114; x_wconf 83' lang='lat' dir='ltr'><strong>age</strong></span> <span class='ocrx_word' id='word_1_317' title='bbox 729 3063 756 3102; x_wconf 91' lang='lat' dir='ltr'><strong>to</strong></span> <span class='ocrx_word' id='word_1_318' title='bbox 771 3055 1001 3115; x_wconf 63' lang='lat' dir='ltr'><strong>atrapitena-stt.</strong></span> 
     </span>
     <span class='ocr_line' id='line_1_43' title="bbox 81 3107 1001 3168; baseline 0.004 -12"><span class='ocrx_word' id='word_1_319' title='bbox 81 3107 171 3156; x_wconf 76' lang='lat' dir='ltr'><strong>Nescio</strong></span> <span class='ocrx_word' id='word_1_320' title='bbox 196 3125 270 3168; x_wconf 81' lang='lat' dir='ltr'><strong>quem,</strong></span> <span class='ocrx_word' id='word_1_321' title='bbox 294 3108 514 3167; x_wconf 88' lang='lat' dir='ltr'><strong>contemptuonsly.</strong></span> <span class='ocrx_word' id='word_1_322' title='bbox 579 3127 656 3166; x_wconf 84' lang='lat' dir='ltr'><strong>orcos,</strong></span> <span class='ocrx_word' id='word_1_323' title='bbox 684 3128 792 3168; x_wconf 84' lang='lat' dir='ltr'><strong>severos,</strong></span> <span class='ocrx_word' id='word_1_324' title='bbox 816 3114 1001 3161; x_wconf 79' lang='lat' dir='ltr'><strong>viriles-854.</strong></span> 
     </span>
     <span class='ocr_line' id='line_1_44' title="bbox 84 3166 1002 3225; baseline 0.004 -11"><span class='ocrx_word' id='word_1_325' title='bbox 84 3166 195 3221; x_wconf 79' lang='lat' dir='ltr'><strong>Genitor,</strong></span> <span class='ocrx_word' id='word_1_326' title='bbox 208 3167 445 3225; x_wconf 81' lang='lat' dir='ltr'><strong>Neptunus-857.</strong></span> <span class='ocrx_word' id='word_1_327' title='bbox 460 3167 619 3223; x_wconf 81' lang='lat' dir='ltr'><strong>Penetrodile,</strong></span> <span class='ocrx_word' id='word_1_328' title='bbox 631 3170 655 3216; x_wconf 89' lang='lat' dir='ltr'><strong>in</strong></span> <span class='ocrx_word' id='word_1_329' title='bbox 666 3171 744 3217; x_wconf 88' lang='lat' dir='ltr'><strong>active</strong></span> <span class='ocrx_word' id='word_1_330' title='bbox 753 3185 832 3218; x_wconf 87' lang='lat' dir='ltr'><strong>sense.</strong></span> <span class='ocrx_word' id='word_1_331' title='bbox 860 3171 893 3216; x_wconf 89' lang='lat' dir='ltr'><strong>So</strong></span> <span class='ocrx_word' id='word_1_332' title='bbox 901 3170 1002 3218; x_wconf 83' lang='lat' dir='ltr'><strong>Metam.</strong></span> 
     </span>
     <span class='ocr_line' id='line_1_45' title="bbox 80 3225 1002 3285; baseline 0 -11"><span class='ocrx_word' id='word_1_333' title='bbox 80 3241 107 3274; x_wconf 85' lang='lat' dir='ltr'><strong>v.</strong></span> <span class='ocrx_word' id='word_1_334' title='bbox 116 3228 161 3273; x_wconf 79' lang='lat'><strong>67:</strong></span> <span class='ocrx_word' id='word_1_335' title='bbox 175 3226 323 3282; x_wconf 87' lang='lat' dir='ltr'><strong>penetrabile</strong></span> <span class='ocrx_word' id='word_1_336' title='bbox 335 3225 419 3273; x_wconf 88' lang='lat' dir='ltr'><strong>telum.</strong></span> <span class='ocrx_word' id='word_1_337' title='bbox 447 3225 487 3272; x_wconf 90' lang='lat' dir='ltr'><strong>On</strong></span> <span class='ocrx_word' id='word_1_338' title='bbox 497 3225 539 3272; x_wconf 90' lang='lat' dir='ltr'><strong>the</strong></span> <span class='ocrx_word' id='word_1_339' title='bbox 550 3226 620 3274; x_wconf 88' lang='lat' dir='ltr'><strong>other</strong></span> <span class='ocrx_word' id='word_1_340' title='bbox 628 3228 701 3281; x_wconf 86' lang='lat' dir='ltr'><strong>hand,</strong></span> <span class='ocrx_word' id='word_1_341' title='bbox 712 3227 818 3274; x_wconf 83' lang='lat' dir='ltr'><strong>xii.166=</strong></span> <span class='ocrx_word' id='word_1_342' title='bbox 832 3228 927 3285; x_wconf 90' lang='lat' dir='ltr'><strong>Corpus</strong></span> <span class='ocrx_word' id='word_1_343' title='bbox 935 3227 1002 3275; x_wconf 91' lang='lat' dir='ltr'><strong>nullo</strong></span> 
     </span>
     <span class='ocr_line' id='line_1_46' title="bbox 80 3282 1003 3343; baseline 0.002 -13"><span class='ocrx_word' id='word_1_344' title='bbox 80 3283 233 3343; x_wconf 87' lang='lat' dir='ltr'><strong>penetrabile</strong></span> <span class='ocrx_word' id='word_1_345' title='bbox 245 3284 301 3331; x_wconf 89' lang='lat' dir='ltr'><strong>telo.</strong></span> <span class='ocrx_word' id='word_1_346' title='bbox 309 3288 399 3331; x_wconf 86' lang='lat'><strong>-858.</strong></span> <span class='ocrx_word' id='word_1_347' title='bbox 410 3282 494 3332; x_wconf 74' lang='lat' dir='ltr'><strong>Neret.</strong></span> <span class='ocrx_word' id='word_1_348' title='bbox 526 3283 582 3330; x_wconf 91' lang='lat' dir='ltr'><strong>The</strong></span> <span class='ocrx_word' id='word_1_349' title='bbox 593 3285 683 3333; x_wconf 88' lang='lat' dir='ltr'><strong>second</strong></span> <span class='ocrx_word' id='word_1_350' title='bbox 694 3284 797 3342; x_wconf 88' lang='lat' dir='ltr'><strong>syllable</strong></span> <span class='ocrx_word' id='word_1_351' title='bbox 808 3285 829 3331; x_wconf 94' lang='lat' dir='ltr'><strong>is</strong></span> <span class='ocrx_word' id='word_1_352' title='bbox 840 3284 906 3338; x_wconf 87' lang='lat' dir='ltr'><strong>here,</strong></span> <span class='ocrx_word' id='word_1_353' title='bbox 919 3286 966 3332; x_wconf 85' lang='lat' dir='ltr'><strong>and</strong></span> <span class='ocrx_word' id='word_1_354' title='bbox 977 3285 1003 3332; x_wconf 88' lang='lat' dir='ltr'><strong>ia</strong></span> 
     </span>
     <span class='ocr_line' id='line_1_47' title="bbox 79 3341 1001 3465; baseline 0.004 -15"><span class='ocrx_word' id='word_1_355' title='bbox 79 3341 458 3460; x_wconf 56' lang='lat' dir='ltr'><strong>wllssltmltttltlt</strong></span> <span class='ocrx_word' id='word_1_356' title='bbox 471 3341 1001 3465; x_wconf 54' lang='lat' dir='ltr'><strong>ttttllllt‘tlalhlltlltl‘tlltt</strong></span> 
     </span>
     <span class='ocr_line' id='line_1_48' title="bbox 277 3433 1000 3459; baseline 0.004 -3"><span class='ocrx_word' id='word_1_357' title='bbox 277 3435 284 3448; x_wconf 68' lang='grc' dir='ltr'><strong><em>ο</em></strong></span> <span class='ocrx_word' id='word_1_358' title='bbox 992 3433 1000 3459; x_wconf 85' lang='grc' dir='ltr'>ι</span> 
     </span>
    </p>
   </div>
   <div class='ocr_carea' id='block_1_4' title="bbox 0 0 1067 3728">
    <p class='ocr_par' dir='ltr' id='par_1_28' title="bbox 0 0 1067 3728">
     <span class='ocr_line' id='line_1_49' title="bbox 0 0 1067 3728; baseline 0 0"><span class='ocrx_word' id='word_1_359' title='bbox 0 0 1067 3728; x_wconf 95' lang='lat' dir='ltr'><strong> </strong></span> 
     </span>
    </p>
   </div>
   <div class='ocr_carea' id='block_1_5' title="bbox 875 3654 1049 3686">
    <p class='ocr_par' dir='ltr' id='par_1_29' title="bbox 875 3654 1049 3686">
     <span class='ocr_line' id='line_1_50' title="bbox 875 3654 1049 3686; baseline -0.011 1"><span class='ocrx_word' id='word_1_360' title='bbox 875 3654 1019 3686; x_wconf 60' lang='grc' dir='ltr'><strong>Α</strong></span> <span class='ocrx_word' id='word_1_361' title='bbox 1044 3670 1049 3685; x_wconf 72' lang='grc' dir='ltr'>ι</span> 
     </span>
    </p>
   </div>
  </div>
 </body>
</html>
