2108 3728
61 191 101 252 86
346 200 511 244 uxorema
532 200 577 242 nx
597 199 704 244 ovrorr

96 317 180 384 Inque
192 314 303 369 brevem
316 312 439 382 sormam,
452 329 487 365 ne
500 312 533 364 sit
544 312 587 365 vis
599 327 697 378 magna
709 310 833 381 nocendi,

96 384 272 449 Contrahitun
287 399 422 453 parvaque
435 383 521 434 minor
533 396 658 434 mensura
672 380 772 432 lacerta
784 389 835 439 est.

98 455 244 508 Mirantem
258 453 424 520 flentemque
438 458 465 502 et
478 460 587 519 tangere
600 459 716 502 monstra
728 457 871 518 parantem

98 523 177 591 Fugit
189 539 279 590 arrum,
293 521 477 589 latebramque
490 521 557 589 petit
569 529 718 589 aptumque
730 518 811 570 colori
937 518 984 568 460

98 595 204 647 Nomen
218 591 308 651 habet,
321 590 401 642 variis
413 589 535 641 stellatus
547 605 655 657 corpora
666 588 758 655 guttis.

63 713 117 757 461.
127 708 218 756 Nomen
229 709 302 760 labet,
315 708 425 753 stellatur
436 707 523 766 guttis.
550 705 605 752 The
619 719 690 751 name
707 703 728 750 is
744 703 841 760 stellio;
860 703 879 750 it
896 688 986 750 iubere

65 766 164 817 derived
175 767 237 814 from
248 765 328 820 stella,
341 766 444 812 because
457 763 498 812 the
509 764 567 811 slrin
577 764 598 811 is
609 761 706 822 spotted
718 761 836 817 (starred).

473 1029 577 1072 GERES.

100 1128 174 1187 Quas
186 1129 237 1181 dea
250 1145 297 1196 per
309 1135 393 1180 terras
404 1136 432 1179 et
444 1144 511 1196 quas
523 1127 650 1180 erraverit
663 1126 756 1194 undas,

101 1199 196 1250 Dicere
209 1198 288 1264 longa
300 1214 374 1248 mora
387 1206 442 1248 est:
463 1197 601 1265 quaerenti
615 1195 702 1248 defuit
715 1196 796 1248 orbis.

101 1267 235 1319 Sicaniam
248 1265 351 1333 repetit,
366 1265 484 1333 dumque
497 1266 587 1318 omnia
600 1265 692 1317 lustrat
705 1265 801 1334 eundo,

101 1335 181 1387 Venit
194 1342 221 1386 et
235 1334 269 1385 ad
283 1335 401 1403 Cyanen.
439 1335 486 1396 Ea,
500 1335 527 1387 ni
541 1343 643 1386 mutata
655 1333 758 1402 suisset,
937 1335 988 1386 465

101 1404 198 1457 Omnia
212 1411 344 1456 narrasset
349 1420 356 1470 3
375 1403 422 1455 sed
436 1412 463 1454 et
475 1421 505 1455 os
517 1413 544 1455 et
557 1403 647 1471 lingua
659 1401 760 1455 volenti

103 1474 199 1526 Dicere
213 1489 265 1525 non
276 1471 395 1541 aderant,
410 1489 460 1524 nec
473 1490 524 1540 quo
536 1473 687 1540 loqueretur
700 1471 826 1524 habebat.

101 1542 182 1610 Signa
195 1551 284 1594 tamen
298 1542 440 1593 manifesta
452 1541 534 1610 dedit,
549 1551 693 1609 notamque
706 1541 816 1610 parenti,

103 1612 152 1664 Illo
165 1611 230 1663 sorte
244 1610 300 1662 loco
313 1610 452 1679 delapsam
466 1612 491 1662 in
504 1610 607 1678 gurgite
621 1627 703 1679 sacro,

101 1678 288 1748 Persephones
300 1697 394 1732 zonam
408 1681 522 1732 summis
534 1679 650 1730 ostendit
662 1679 689 1731 in
702 1679 790 1732 undis.
938 1681 988 1732 tto

102 1747 191 1806 Quam
204 1748 283 1800 simul
297 1749 576 1817 agnovit,-tanquam
591 1756 648 1800 tum
662 1748 777 1817 denique
791 1755 896 1816 raptam

103 1817 382 1885 Scisset‚-inornatos
394 1818 505 1870 laniavit
517 1817 581 1869 diva
592 1817 710 1886 capillos,

103 1887 137 1940 Et
150 1887 264 1955 repetita
277 1887 333 1939 suis
345 1887 476 1956 percussit
488 1897 596 1956 pectora
608 1886 714 1954 palmis.

102 1957 162 2009 Nec
175 1955 225 2008 soit
238 1955 325 2008 adhuc
338 1956 384 2009 ubi
397 1956 431 2008 sit
439 1973 447 2024 3
466 1965 549 2008 terras
561 1965 652 2007 tamen
665 1956 784 2024 increpat
795 1971 900 2026 omnes,

102 2026 273 2093 Ingratasque
285 2035 363 2078 vocat
376 2043 426 2078 nec
438 2025 545 2092 frugum
560 2041 670 2077 munere
683 2025 785 2094 dignas,
939 2027 988 2077 475

103 2093 269 2145 Trinacriam
282 2103 344 2146 ante
358 2095 433 2157 alias,
447 2095 472 2146 in
486 2111 539 2162 qua
551 2094 665 2161 vestigia
677 2095 769 2146 damni

103 2162 222 2230 Repetit.
259 2163 328 2230 Ergo
341 2163 395 2215 illic
408 2181 489 2216 saeva
500 2165 632 2215 vertentia
643 2163 738 2230 glebas

104 2229 196 2296 Fregit
209 2240 295 2282 aratra
308 2249 396 2302 manu,
410 2234 539 2302 parilique
551 2234 618 2284 irata
630 2233 735 2284 colonos

103 2299 294 2368 Ruricolasque
307 2301 389 2354 boves
401 2303 454 2354 leto
467 2301 549 2370 dedit,
562 2317 680 2369 arvaque
693 2300 770 2369 jussit

104 2368 208 2421 Fallere
221 2368 382 2441 depositum,
395 2373 542 2440 vitiataque
556 2370 659 2423 semina
672 2368 743 2422 feeit.
941 2373 988 2422 48(

104 2437 241 2491 Fertilitas
253 2448 347 2510 terrae,
360 2442 445 2494 latum
457 2441 567 2508 vulgata
578 2457 626 2509 per
638 2441 738 2508 orbem,

97 2586 149 2633 463.
159 2583 244 2647 Longa
253 2597 369 2644 moreest,
380 2587 430 2636 like
440 2587 541 2655 longum
550 2595 596 2642 est,
607 2586 625 2633 it
635 2584 716 2633 would
727 2585 782 2632 take
790 2593 827 2631 too
836 2584 901 2644 long.
928 2585 988 2633 Ovir'

69 2643 139 2703 gives
156 2659 170 2691 a
186 2645 291 2693 detailed
303 2646 450 2706 description
461 2648 485 2694 ol
501 2647 542 2693 the
554 2645 708 2704 wanderings
725 2644 753 2690 of
767 2643 843 2690 Ceres
855 2644 879 2702 ip
891 2643 988 2692 another

69 2717 149 2760 poem.
175 2703 307 2762 Quaerenti
317 2708 393 2766 defuit
404 2709 475 2761 orbis,
488 2706 554 2752 locus
567 2705 590 2751 iu
602 2707 659 2752 orbe
669 2702 754 2757 defuit,
766 2718 821 2749 nam
833 2718 932 2749 omnem
944 2714 988 2752 ter·

69 2761 557 2819 ramperlustraverat.—464.Sieaniom‚
570 2787 586 2794 -
603 2785 619 2806 υ
639 2785 654 2806 υ
670 2785 694 2810 -.
713 2762 767 2808 The
777 2762 988 2820 quantityvaries:

71 2819 185 2885 Sicanos,
200 2821 312 2877 Sicimus,
327 2824 440 2870 Sicanus.
448 2825 539 2867 -469,
551 2821 679 2882 Delapsam
690 2824 716 2868 in
725 2823 823 2882 gurgite
833 2837 907 2868 sucro.
937 2820 988 2868 Thr

71 2877 176 2923 ablatrve
194 2877 295 2926 denotes
313 2882 354 2927 the
371 2881 439 2939 place
456 2880 538 2925 where
556 2879 573 2925 it
591 2879 638 2927 had
656 2880 737 2934 fallen,
756 2889 797 2926 not
816 2879 857 2925 the
874 2878 988 2927 directior

71 2935 96 2981 in
107 2934 194 3002 which.
204 2940 293 2985 —470.
306 2938 475 3000 Persephonen,
490 2937 530 2984 the
544 2937 627 2985 Greek
642 2939 719 2996 sorm;
739 2938 898 2995 Proserpinae
911 2939 988 2986 wouli

72 3002 114 3040 not
126 3003 174 3040 surt
185 2994 226 3040 the
238 2999 400 3045 verse-471.
414 2997 473 3043 Tum
483 2998 540 3043 deni
555 3014 591 3052 ue,
605 3007 657 3045 turn
668 2998 774 3045 demum.
797 2996 899 3051 Heroid,
914 3013 936 3044 x.
946 3000 988 3045 432

74 3052 140 3100 Tum
157 3052 260 3111 denique
277 3054 347 3111 flevi;
366 3058 394 3103 ib.
407 3056 447 3103 xii.
461 3060 518 3102 105:
537 3012 583 3102 ltta
594 3072 639 3116 ego
651 3073 712 3115 quae
726 3056 767 3102 tibi
784 3071 837 3102 sum
850 3070 913 3102 nunc
924 3056 988 3104 deni·

73 3127 120 3170 que
132 3113 232 3158 barbara
242 3112 409 3162 facta-473.
422 3114 540 3176 Repetite,
554 3130 580 3161 as
596 3119 681 3170 above,
696 3117 726 3162 iv.
739 3117 792 3168 734,
805 3115 988 3174 repeatedly.-

57 3165 125 3220 ⁸476.
144 3170 250 3231 Vestigia
260 3174 353 3226 domni:
371 3172 422 3220 that
435 3174 464 3229 is,
476 3174 516 3220 the
528 3174 696 3233 girata-477.
705 3174 810 3241 Reperit.
839 3172 885 3219 See
896 3173 928 3220 iv.
942 3177 987 3222 108

71 3234 162 3278 -480,
174 3229 269 3278 Fallere
283 3234 412 3292 depositum
422 3249 432 3288 ;
451 3233 572 3292 properly,
590 3233 673 3280 l'allere
692 3232 822 3292 agricolam
840 3232 881 3289 qui
898 3233 988 3282 semim

72 3288 197 3347 deposuit;
215 3289 343 3356 deponere,
357 3301 382 3338 to
392 3291 486 3350 deposit
501 3309 528 3340 as
544 3308 558 3339 a
574 3303 643 3340 trust.
676 3291 814 3350 Vitiataque
824 3292 988 3352 serniaofecit,

72 3347 129 3395 feeit
141 3358 167 3396 ut
183 3364 276 3396 semma
287 3350 436 3408 vitiarentur,
450 3351 497 3413 arrd
508 3351 560 3399 that
577 3351 613 3398 sor
624 3352 665 3398 the
681 3351 767 3410 simple
780 3349 873 3395 vitiavit
890 3350 988 3399 semina

72 3404 122 3453 For
138 3406 179 3454 the
196 3408 309 3468 meaning
324 3409 352 3456 os
364 3410 457 3467 vitiare,
476 3427 518 3458 see
535 3412 620 3464 above,
634 3426 656 3456 v.
667 3410 816 3457 436,-481.
828 3407 988 3457 Fertilitas-

59 3464 144 3514 otbem.
176 3466 231 3516 The
242 3466 394 3520 fruitfulness
411 3469 440 3520 of
453 3470 530 3531 Sicily
540 3469 590 3518 had
599 3471 704 3518 become
713 3467 805 3514 almost
816 3467 957 3521 proverbial
969 3467 988 3515 ir
