2108 3728
72 217 114 278 96
355 232 521 277 exesurus
541 232 586 274 nx
607 231 714 276 ovrnrr

108 346 224 401 Lumina
235 353 382 415 terserunt,
395 344 516 398 animam
528 343 607 396 simul
622 342 791 395 exhalarunt.

108 417 232 486 Adspicit
245 415 381 486 Alphenor
393 415 546 483 laniataque
559 421 668 481 pectora
680 412 812 480 plangens

109 486 233 554 Advolat,
247 494 276 537 ut
287 485 392 553 gelidos
405 482 591 552 complexibus
603 481 702 533 allevet
715 492 796 550 artus,

108 555 193 624 Inque
206 555 249 624 pio
262 555 333 607 cadit
346 553 450 605 efficio:
471 569 534 605 nam
547 551 640 603 Delius
653 550 691 601 illi
947 553 995 602 250

108 625 207 677 Intima
219 623 324 676 letifero
338 623 407 692 rupit
419 621 575 691 praecordia
588 621 657 673 ferro
665 637 672 686 3

109 693 186 752 Quod
200 693 280 746 simul
293 692 423 744 eductum
434 701 482 759 est,
497 707 559 759 pars
571 698 611 741 est
624 689 758 757 pulmonis
770 689 797 742 in
809 689 900 743 hamis

110 763 201 830 Eruta,
215 779 331 830 cumque
343 761 435 812 anima
448 777 523 813 cruor
536 768 576 811 est
589 759 693 810 effusus
706 759 730 810 iu
744 776 833 812 auras.

110 834 146 885 At
158 848 211 882 non
224 831 359 883 intonsum
372 830 488 899 simplex
501 827 729 881 Damasichthona
743 829 841 882 vulnus

110 899 217 954 Allicit:
238 901 307 952 ictus
320 908 386 962 erat,
399 917 452 968 qua
464 915 525 951 crus
538 914 599 950 esse
613 897 704 966 incipit
717 906 745 950 et
756 914 811 967 qua
948 899 998 950 255

110 969 206 1023 Mollia
219 970 335 1022 nodosus
347 968 410 1021 facit
423 967 572 1020 internodia
584 967 687 1036 poples,

111 1039 236 1108 Dumque
248 1056 331 1091 manu
343 1046 429 1091 tentat
441 1037 545 1090 trahere
558 1035 694 1088 exitiabile
707 1035 800 1104 telum,

110 1108 203 1162 Altera
216 1124 263 1176 per
274 1107 397 1177 jugulum
410 1106 507 1176 pennis
519 1115 597 1159 tenus
609 1114 670 1157 acta
678 1106 780 1172 sagitta
792 1112 844 1157 est.

111 1177 221 1245 Expulit
234 1177 304 1229 hanc
317 1177 434 1244 sanguis,
448 1192 531 1243 seque
544 1174 695 1245 ejaculatus
706 1176 733 1227 in
745 1175 831 1228 altum

111 1247 220 1299 Emicat
232 1254 258 1297 et
271 1246 348 1312 longe
361 1244 495 1296 terebrata
507 1244 608 1312 prosilit
620 1260 693 1295 aura.
746 1285 750 1293 ,

111 1314 231 1367 Ultimus
243 1314 358 1367 Ilioneus
370 1329 422 1365 non
436 1313 584 1380 profectura
596 1312 729 1382 precando

111 1383 225 1437 Brachia
237 1383 389 1452 sustulerat,
405 1382 507 1450 ‘Dique
521 1399 536 1433 o
548 1383 727 1434 communiter
738 1383 851 1453 omnes‚’

111 1453 231 1516 Dixerat,
244 1454 350 1520 ignarus
363 1469 414 1504 non
426 1468 521 1503 ornnes
533 1469 593 1503 esse
607 1451 744 1520 rogandos,

113 1523 232 1575 ‘Parcite
242 1523 260 1576 l'
297 1522 390 1574 Motus
401 1530 464 1588 erat,
479 1538 540 1573 curn
553 1522 609 1590 jam
622 1521 773 1573 revocabile
786 1520 872 1574 telum

110 1592 172 1645 Nou
185 1592 241 1661 snit,
255 1592 413 1644 Arcitenens
421 1607 428 1658 ;
447 1590 558 1643 minimo
571 1599 661 1642 tamen
674 1590 772 1643 occidit
785 1589 831 1642 ille

112 1661 236 1729 Vulnere,
251 1677 301 1713 nou
315 1661 368 1712 alte
381 1676 507 1728 percussu
520 1659 599 1711 corde
612 1659 719 1726 sagitta.

111 1728 197 1782 Fama
210 1729 274 1782 mali
287 1729 432 1798 populique
445 1728 518 1780 dolor
531 1728 714 1795 lacrimaeque
726 1744 835 1781 suorum

111 1798 180 1852 Tam
194 1798 298 1852 subitae
312 1807 426 1850 matrem
440 1806 542 1850 certam
555 1797 644 1849 fecere
658 1797 761 1859 ruinae,

112 1867 259 1921 Mirantem
272 1869 399 1938 potuisse,
415 1869 629 1934 irascentemque
642 1866 713 1934 quod
726 1866 785 1918 ausi

111 1937 169 1989 Hoc
181 1947 271 1989 esseut
284 1938 382 2006 superi,
397 1937 466 2005 quod
481 1944 584 1988 tanturn
597 1934 663 2004 juris
676 1934 815 1988 haberent.

111 2007 183 2058 Nam
197 2015 271 2075 pater
283 2006 419 2074 Amphion
431 2001 500 2057 terro
514 2022 560 2073 per
572 2013 667 2073 pectus
678 2004 774 2056 adacto

112 2074 232 2126 Finierat
245 2075 362 2126 moriens
374 2075 471 2143 pariter
484 2091 546 2126 curn
560 2074 619 2126 luce
632 2073 760 2126 dolerem.

111 2143 180 2212 Heu,
194 2152 325 2211 quantum
337 2143 405 2195 haec
418 2143 505 2195 Niobe
517 2144 605 2196 Niobe
618 2142 734 2195 distabat
746 2143 780 2196 ab
793 2142 846 2206 itta,

112 2212 188 2270 Quae
201 2211 279 2264 modu
292 2213 382 2264 Latois
395 2212 523 2282 populum
537 2213 709 2265 submoverat
721 2213 776 2265 aris

112 2281 147 2334 Et
159 2282 278 2334 mediam
290 2281 387 2335 tulerat
398 2299 505 2350 gressus
519 2282 641 2351 resupina
653 2297 701 2349 per
712 2282 816 2350 urbem,

112 2350 246 2404 Invidiosa
258 2351 330 2405 suis!
368 2353 404 2405 At
416 2369 488 2404 nuuc
499 2351 653 2404 miseranda
665 2349 708 2402 vel
721 2350 790 2403 hosti

111 2419 271 2490 Corporibus
283 2421 382 2489 gelidis
394 2421 532 2489 incumbit,
547 2429 573 2472 et
586 2421 680 2473 ordine
693 2420 765 2472 nullo

111 2490 210 2543 Oscula
222 2489 358 2561 dispensat
371 2500 447 2543 natos
460 2507 586 2560 suprema
598 2506 645 2559 per
654 2506 759 2542 omnes.

76 2669 128 2717 247.
145 2666 257 2714 Animam
267 2668 340 2714 simol
351 2669 498 2714 exhalarunt.
531 2664 586 2711 The
603 2661 719 2721 spondaic
729 2677 800 2710 verse
816 2662 837 2709 is
853 2662 912 2715 here
929 2664 1003 2713 made

76 2741 121 2773 use
137 2725 165 2772 ol'
182 2725 335 2772 intentionall
356 2761 361 2779 ‚
380 2724 427 2771 and
443 2723 503 2770 with
525 2732 592 2782 great
612 2722 693 2776 effect,
712 2730 737 2768 to
753 2737 854 2780 express
871 2721 914 2770 the
931 2722 1002 2784 long-

76 2783 159 2850 dratyn
181 2784 266 2830 breath
283 2783 311 2830 of
328 2741 370 2829 tlie
386 2783 566 2841 dying-248.
588 2781 741 2849 Lartiatnque
758 2790 851 2848 pectora
871 2783 1000 2843 plangens.

77 2841 180 2889 Laniata
190 2852 256 2887 must
269 2843 298 2888 be
311 2839 457 2888 understood
469 2849 494 2884 te
505 2839 535 2884 be
547 2839 607 2885 used
619 2842 651 2898 by
663 2850 832 2897 anticipationi
867 2849 951 2887 eerora
968 2842 1003 2889 lta

76 2900 193 2958 plangens
210 2909 236 2945 ut
253 2899 502 2964 tenimentiis—ma
520 2896 607 2964 Simul,
625 2898 831 2946 simulac-256.
848 2854 999 2956 interanea,

76 2959 118 3006 the
130 2972 202 3015 space
214 2958 326 3003 between
337 2967 387 3003 two
399 2955 469 3012 nodr;
488 2955 539 3002 that
552 2971 580 3008 rs.
596 2957 668 3004 linere
679 2973 710 3004 on
722 2957 763 3004 the
773 2957 835 3016 joint
847 2957 875 3004 ol
887 2973 935 3016 any
946 2967 1001 3018 part

76 3015 104 3065 es
116 3016 157 3063 the
169 3015 325 3074 body-258.
339 3015 431 3062 Pennis
443 3023 520 3062 tenos.
553 3015 608 3062 The
620 3031 710 3063 arrows
722 3031 786 3063 were
798 3015 932 3070 seathered‚
947 3018 1000 3065 that

75 3077 135 3135 they
145 3075 223 3135 might
235 3074 268 3134 fly
278 3073 318 3120 the
330 3088 397 3120 more
409 3073 485 3133 easily
494 3073 598 3134 through
610 3075 652 3121 the
664 3076 790 3122 ain—268.
806 3075 899 3122 Certum
903 3077 997 3135 secere·

76 3136 101 3184 in
116 3150 196 3194 prose,
215 3134 344 3182 certiorem
360 3131 570 3181 lecerunt-269.
588 3135 825 3182 Mirantem-ausi.
858 3134 939 3182 Verbs
956 3135 999 3183 de·

75 3195 160 3255 noting
170 3209 201 3241 en
212 3193 325 3241 affection
337 3190 365 3238 os
378 3190 423 3258 the¹
436 3191 502 3239 mind
518 3207 558 3240 are
574 3192 688 3240 followed
705 3192 784 3240 either
799 3194 832 3251 by
843 3195 913 3253 qaod,
927 3208 955 3240 or
966 3195 1001 3254 by

74 3252 117 3302 the
133 3252 271 3301 accusative
284 3250 343 3297 with
359 3249 400 3296 the
417 3249 541 3298 infinitive.
575 3252 621 3300 See
641 3252 721 3298 Grani.
739 3251 752 3301 i
769 3255 917 3299 asu-271.
934 3251 1001 3300 Nam

71 3322 142 3416 poter
152 3312 419 3374 Amphion—dolorem,
434 3309 543 3368 explains
555 3311 596 3358 the
608 3310 739 3369 preceding
750 3310 814 3368 quod
826 3320 922 3358 tentum
934 3311 1000 3370 juris
1035 3350 1039 3357 .

92 3372 201 3427 aberent,
219 3369 255 3418 ser
271 3368 397 3427 Amphion
418 3368 478 3424 also,
498 3369 642 3419 duc-275.
660 3368 794 3430 Resrtpino.
819 3385 846 3416 es
868 3372 955 3426 above,
974 3385 998 3419 v.

67 3431 132 3475 169:
148 3429 205 3477 elta,
215 3430 305 3478 -276,
323 3427 448 3477 Invidiosa
464 3444 549 3477 means
565 3439 615 3476 two
632 3427 730 3487 things:
748 3429 800 3486 fall
816 3429 845 3486 of
862 3445 932 3488 earth
951 3428 1001 3479 and

54 3489 149 3535 mothel
187 3487 244 3536 The
260 3488 310 3538 fruct
328 3488 381 3539 thar
399 3489 418 3538 it
436 3489 457 3540 is
473 3488 586 3550 opposed
601 3499 627 3536 to
642 3488 782 3534 miserenda
797 3485 882 3530 shows
895 3485 1005 3533 matthe
