2108 3728
379 210 530 252 TRISTIUM
552 212 613 252 LIB.
634 213 680 257 lv.

140 320 201 388 Ipsa
213 321 298 372 rnulta
311 319 357 372 tuli
370 337 421 372 nou
435 320 534 372 leviora
546 320 618 388 fuga.

103 389 246 455 Indignata
258 389 337 440 malis
349 406 426 440 mens
439 399 478 440 est
492 392 675 459 succumbere,
690 407 773 460 seque

140 458 274 510 Praestitit
286 458 413 508 invictam
427 459 528 511 viribus
541 477 589 510 usa
602 461 673 528 suis,

103 525 262 594 Oblitusque
276 526 329 580 nrei
341 526 492 594 ductaeque
505 545 551 595 per
563 529 617 580 otia
628 530 709 598 vitae,

139 595 246 647 Insolita
259 596 319 663 cepi
331 596 457 662 temporis
469 612 543 647 arma
556 615 635 648 manu
643 614 650 664 3

104 665 209 731 Totque
222 664 268 714 tuli
282 672 351 715 terra
364 680 442 714 casus
455 666 610 733 pelagoque,
625 674 688 734 quot
701 667 769 720 inter

138 731 280 784 Occultum
293 732 387 783 stellae
399 733 626 801 conspicuumque
639 736 740 802 polum.

103 801 187 851 Tacta
201 800 265 854 mihi
279 801 388 852 tandem
402 800 485 867 longis
498 803 629 854 erroribus
641 812 700 855 acto

138 871 235 922 Juneta
247 869 405 936 pharetratis
417 869 544 921 Sarmatis
556 887 601 923 ora
610 873 693 924 Getis.

102 938 154 989 llic
167 954 225 1003 ego,
238 937 358 988 finitimis
371 938 494 1005 quamvis
507 939 684 990 circumsonor
695 943 784 1012 armis,

139 1007 243 1066 Tristia,
257 1022 308 1074 quo
320 1021 437 1073 possum,
451 1008 568 1058 carmine
581 1006 635 1058 sata
648 1009 715 1061 levo.

103 1074 187 1142 Quod,
202 1074 324 1142 quamvis
336 1091 416 1127 nemo
428 1083 477 1141 est,
491 1075 567 1142 cujus
581 1076 708 1128 referatur
719 1078 754 1130 ad
766 1096 852 1143 aurea,

138 1143 180 1194 Sic
195 1151 283 1194 tamen
296 1143 408 1194 absumo
421 1143 578 1210 decipioque
591 1143 672 1197 diem.

102 1212 179 1280 Ergo,
194 1211 263 1280 quod
276 1212 336 1262 vivo
351 1211 476 1279 durisque
490 1212 623 1264 laboribus
634 1215 717 1285 obsto,

136 1281 195 1331 Nec
207 1297 251 1331 me
265 1279 393 1330 sollicitae
407 1279 496 1331 taedia
509 1280 577 1332 lucis
589 1281 696 1350 habent,

102 1349 200 1416 Gratia,
214 1349 304 1408 Musa,
317 1347 381 1399 tibi:
400 1365 463 1399 narn
476 1357 504 1400 tu
517 1349 611 1401 solatia
623 1353 753 1421 praebes5

137 1418 178 1469 Tu
191 1434 270 1468 curae
285 1417 396 1484 requies,
412 1425 439 1467 tu
454 1418 588 1468 medicina
600 1421 690 1472 venis:

102 1485 143 1536 Tu
155 1486 209 1537 dux
222 1494 248 1536 et
261 1502 353 1536 comes
366 1502 412 1552 es,
431 1495 459 1536 tu
472 1502 520 1536 nos
532 1486 644 1538 abducis
656 1488 691 1540 ab
704 1489 768 1540 lstro

137 1555 166 1606 In
179 1554 321 1621 medioque
336 1553 401 1604 mihi
414 1554 463 1605 das
475 1553 602 1606 Helicone
615 1555 713 1607 locum.

102 1622 143 1674 Tu
157 1622 229 1690 mihi,
243 1622 314 1691 quod
328 1638 424 1689 rarum,
437 1623 498 1674 vivo
512 1622 628 1675 sublime
640 1625 739 1677 dedisti

136 1693 250 1758 Nomen,
264 1691 299 1743 ab
312 1692 446 1758 exsequiis
458 1691 527 1759 quod
540 1691 603 1743 dare
617 1692 690 1744 fama
702 1694 785 1762 solet3

102 1760 168 1826 Nec,
183 1761 228 1827 qui
241 1759 371 1811 detrectat
385 1760 543 1828 praesentia,
558 1760 624 1812 livor
636 1762 724 1830 iniquo

136 1827 228 1880 Ullum
241 1827 275 1879 de
288 1829 384 1880 nostris
395 1828 475 1881 dente
489 1830 717 1899 momorditopus.

101 1897 173 1948 Nam
186 1897 294 1948 tulerint
306 1913 418 1962 magnos
430 1913 494 1948 cum
506 1898 597 1948 secula
610 1910 699 1950 nostra
710 1904 810 1969 poetas,

136 1966 195 2017 Non
209 1965 258 2017 tuit
272 1967 376 2032 iugenio
389 1964 462 2016 lama
474 1965 591 2032 maligna
604 1983 682 2034 meo,

101 2033 223 2101 Cumque
236 2051 286 2100 ego
299 2050 462 2102 praeponam
475 2034 573 2085 multos
586 2033 660 2102 mihi,
674 2052 726 2088 non
738 2035 823 2088 minor
835 2035 888 2089 illis

136 2103 222 2170 Dicor,
237 2114 263 2153 et
276 2103 302 2153 in
315 2111 367 2153 toto
380 2103 585 2170 plurimus-orbe
598 2103 678 2170 legor.
760 2148 761 2151 ,

100 2171 127 2222 Si
140 2170 202 2238 quid
216 2170 315 2223 habent
328 2171 407 2238 igitur
419 2180 510 2224 vatum
524 2173 661 2240 praesagia
673 2174 739 2245 veri,

136 2240 257 2291 Protinus
269 2249 298 2292 ut
310 2241 414 2309 moriar,
427 2258 478 2293 non
493 2258 545 2310 ern,
559 2250 635 2310 terra,
651 2251 720 2294 tuus.
937 2247 984 2296 130

99 2307 161 2360 Sive
174 2307 264 2359 favore
278 2307 334 2376 tuli,
348 2310 404 2361 sire
417 2309 486 2367 hanc
499 2326 548 2376 ego
561 2311 678 2361 carmine
692 2311 794 2363 samam

134 2377 213 2429 Jure:
235 2377 282 2429 tibi
294 2388 390 2446 grates,
404 2377 518 2429 candide
533 2377 621 2447 lector,
635 2395 694 2445 ago.

63 2525 180 2563 nocentes.
214 2515 278 2562 Ovid
294 2515 435 2575 repeatedly
447 2515 580 2574 complains
596 2515 625 2562 of
637 2516 677 2562 the
694 2515 861 2563 faithlossness
874 2517 901 2564 of
914 2517 983 2566 those

64 2576 137 2621 about
155 2574 213 2620 him.
245 2574 279 2620 So
290 2574 369 2635 Epist.
383 2592 409 2622 ea
420 2575 507 2630 Ponto,
522 2575 545 2621 ii.
557 2578 581 2629 7,
595 2577 638 2621 62:
657 2573 739 2620 Ditata
750 2584 788 2621 est
799 2575 882 2633 spoliis
894 2575 985 2634 perfida

63 2635 135 2679 turba
145 2634 251 2679 meis-
260 2636 310 2679 103.
327 2632 458 2693 indignato
470 2642 511 2689 est,
522 2631 646 2692 indignum
658 2633 788 2692 habuit-
796 2637 846 2680 106.
866 2633 983 2701 Temporis

63 2708 137 2745 anna,
152 2692 192 2738 the
205 2706 318 2748 weapons
335 2692 363 2738 of
375 2707 416 2750 rny
428 2692 557 2746 situation3
575 2690 627 2738 that
643 2691 672 2743 is.
687 2691 798 2750 patience
815 2691 861 2739 and
877 2707 982 2752 resigna-

63 2751 122 2799 tion.
131 2772 162 2780 -
172 2753 222 2796 108.
243 2749 602 2817 Occultum-conspicuumque
609 2751 697 2810 polam,
712 2749 753 2797 the
770 2750 842 2797 south
855 2750 902 2797 and
913 2751 984 2798 north

63 2809 139 2867 poles,
153 2808 189 2855 for
201 2809 242 2855 the
254 2807 325 2855 south
337 2808 392 2867 pole
404 2809 424 2855 is
436 2808 548 2855 invisible
565 2823 588 2854 tn
605 2823 649 2855 our
659 2809 774 2856 northern
785 2808 946 2867 hemisphere.
954 2836 985 2844 -

64 2872 114 2914 110.
133 2867 251 2914 Sarmatis
268 2884 318 2920 ora,
332 2877 373 2913 not
391 2867 502 2926 strictly;
521 2867 640 2914 Sarmatia
656 2868 676 2914 is
692 2866 733 2914 the
750 2868 847 2927 general
864 2883 934 2914 neme
946 2868 984 2915 for

62 2926 104 2971 the
120 2925 255 2972 north-east
267 2925 295 2972 of
308 2925 403 2983 Europe
421 2925 467 2973 and
478 2927 519 2974 the
533 2925 676 2973 north-west
688 2925 716 2972 of
728 2927 798 2981 Asia,
812 2926 946 2986 stretching
959 2928 983 2973 in

62 2983 983 3090 ,gqqpqsgqpr,pengpalen323³anroqpnsgsqupqqq

63 3099 93 3166 os·
108 3059 293 3148 theacDanubd.z
314 3059 599 3168 Ptarerrarisvireeriause
621 3059 879 3160 trppyaqveqeroqpuassp
901 3076 983 3148 ainred

63 3160 123 3204 wrth
136 3161 191 3205 bow
203 3160 250 3206 and
261 3158 447 3217 quires-116.
464 3158 547 3213 Lucis,
559 3164 726 3206 vitae-122.
743 3160 780 3206 At
791 3161 916 3217 exsequiis,
928 3170 982 3216 post

62 3218 198 3275 exsequias.
232 3218 353 3275 Compare
374 3216 447 3263 Trist.
459 3217 475 3263 i.
487 3221 509 3270 3,
523 3221 651 3264 29.-128.
671 3219 699 3263 ln
710 3227 756 3265 toto
771 3220 829 3264 orbe.
862 3216 924 3263 This
941 3233 982 3264 ex·

63 3277 182 3334 pressiori,
200 3276 317 3335 although
334 3277 352 3321 it
368 3274 389 3321 is
405 3290 436 3321 no
452 3275 527 3322 doubt
548 3275 718 3335 exaggerated,
736 3290 793 3333 may
809 3283 850 3333 yut
871 3290 941 3322 serve
958 3286 983 3323 to

64 3336 132 3382 show
143 3335 195 3382 that
208 3335 303 3382 Roman
315 3333 438 3380 literature
448 3334 495 3381 hod
506 3349 567 3380 even
578 3347 602 3379 ar
615 3334 665 3379 thut
679 3333 737 3380 time
748 3333 833 3391 spread
842 3332 878 3380 far
886 3333 982 3392 beyond

62 3394 105 3441 the
121 3393 265 3441 boundaries
281 3393 310 3439 of
327 3390 493 3448 trata-rao.
511 3391 567 3439 Non
589 3408 635 3446 ero,
653 3401 725 3447 terra,
742 3401 808 3448 tuns,
826 3391 838 3439 Ι
858 3391 921 3440 shall
941 3402 982 3441 not

64 3452 174 3501 moulder
184 3453 236 3544 inpo
246 3452 309 3499 dust.
