2108 3728
61 183 119 244 128
343 192 509 238 axutam
528 194 573 237 ax
593 194 701 239 evron

97 313 151 364 Aut
162 308 253 362 minus
264 315 310 360 aut
322 316 395 360 certe
408 305 530 359 medium
543 322 593 358 noo
607 306 724 375 amplius
735 321 839 376 aequor

97 380 190 448 Puppe
203 378 349 445 secabatur,
364 376 496 444 longeque
509 383 566 426 erat
578 383 691 444 utraque
704 375 793 444 tellus,

98 449 167 500 Cum
179 463 253 500 mare
267 446 317 498 sub
330 457 436 497 noctem
449 444 559 496 tumidis
571 444 709 496 albescere
722 445 813 514 coepit
940 449 992 498 480

99 517 238 569 Fluctibus
250 524 277 568 et
290 532 418 584 praeceps
431 515 529 582 spirare
542 513 674 565 valentius
686 514 784 567 Eurus.

101 587 208 640 ‘Ardua
226 584 387 654 jamdudum
399 583 533 634 demittite
546 584 661 650 cornua,’
676 591 762 635 rector

101 656 206 708 Clamat
220 657 261 707 ‘et
273 653 396 705 antennis
409 661 492 704 totum
507 651 657 704 subnectite
670 652 762 705 velum
774 651 792 705 l’

100 726 152 777 llic
169 724 261 792 jubet,
282 722 429 790 impediunt
442 721 571 772 adversae
590 721 665 790 jussa
676 720 820 791 procellae,

101 795 161 847 Nec
174 793 238 844 sinit
250 791 335 843 audiri
348 807 442 842 vocem
456 789 542 856 fragor
554 791 680 857 aequoris
690 789 785 843 ullam.
941 793 993 843 495

102 863 200 932 Sponte
213 871 303 912 tamen
317 868 458 929 properant
470 859 517 910 alii
530 858 681 911 subducere
695 874 791 928 remos,

102 933 166 985 Pars
178 930 282 982 munire
295 929 371 997 latus,
384 945 445 996 pars
458 930 546 980 ventis
558 927 619 979 vela
631 944 746 997 negare,

104 1001 196 1068 Egerit
210 999 252 1051 hic
265 997 370 1066 fluctus,
384 1013 537 1065 aequorque
550 997 666 1049 refundit
679 998 705 1048 in
717 1013 827 1066 aequor,

103 1071 154 1123 Hic
168 1069 235 1137 rapit
248 1077 384 1119 antennas.
422 1067 497 1124 Quae
510 1066 575 1118 dum
589 1066 647 1118 siue
659 1066 720 1134 lege
731 1074 868 1135 geruntur,

104 1142 208 1205 Aspera
221 1137 316 1188 crescit
330 1136 425 1203 hiems,
438 1136 564 1204 omnique
577 1153 592 1186 e
605 1144 680 1204 parte
693 1137 798 1187 feroces
942 1138 996 1187 490

104 1206 181 1259 Bella
192 1215 288 1272 gerunt
301 1205 372 1257 venti
386 1204 508 1272 fretaque
522 1204 688 1272 indignantia
699 1200 830 1257 miscent¹

104 1276 165 1343 Ipse
179 1282 267 1342 pavet,
280 1290 331 1324 nec
344 1290 381 1342 se,
395 1275 441 1341 qui
453 1274 486 1325 sit
500 1282 591 1342 status,
606 1273 663 1341 ipse
676 1273 775 1326 fatetur

105 1344 178 1397 Scire
191 1342 255 1394 ratis
267 1351 358 1410 rector,
372 1359 423 1394 nec
435 1342 500 1409 quid
517 1343 644 1412 iubeatve
657 1350 781 1395 vetetve:

105 1415 191 1467 Tanta
204 1411 269 1464 mali
283 1411 367 1463 moles
379 1419 505 1479 tantoque
518 1412 650 1480 potentior
662 1419 718 1463 arte
730 1419 780 1464 est.

105 1483 156 1542 Qui
177 1498 210 1550 pe
223 1490 316 1534 sonant
329 1481 444 1533 clamore
457 1481 515 1549 viri,
528 1481 639 1532 stridore
652 1479 787 1543 rudentes,
939 1481 993 1531 495

104 1499 245 1606 Undarum
258 1552 365 1603 incursu
377 1551 466 1618 gravis
478 1550 557 1618 unda,
572 1549 711 1602 tonitribus
723 1547 817 1600 aether
824 1563 832 1616 5

105 1621 246 1672 Fluctibus
258 1621 365 1686 erigitur
377 1619 537 1687 coelumque
550 1632 667 1687 aequare
679 1617 786 1670 videtur

105 1690 205 1741 Pontus
217 1697 244 1740 et
257 1689 382 1740 inductas
393 1688 552 1756 adspergine
565 1697 673 1754 tangere
685 1684 781 1748 nubes,

105 1758 140 1810 Et
154 1757 240 1826 modo,
253 1774 317 1809 cum
329 1757 416 1809 fulvas
429 1774 463 1809 ex
477 1759 530 1809 irno
543 1757 623 1808 verrit
635 1770 737 1821 arenas,

105 1826 232 1878 Concolor
245 1835 285 1879 est
298 1826 357 1887 illis,
371 1826 463 1895 Stygia
474 1826 554 1878 modo
566 1824 661 1890 nigrior
673 1821 753 1890 unda,
939 1826 994 1876 fico

105 1895 234 1948 Sternitur
246 1895 379 1947 interdum
393 1895 549 1964 spumisque
565 1891 721 1957 sonantibus
732 1891 815 1944 albet.

105 1964 167 2031 Ipsa
179 1981 285 2033 quoque
298 1963 341 2016 his
353 1965 440 2032 agitur
452 1965 558 2016 vicibus
569 1960 713 2013 Trachinia
726 1960 831 2030 puppis,

106 2034 141 2085 Et
153 2049 225 2084 nunc
238 2032 370 2101 sublimis,
384 2032 467 2084 veluti
479 2031 513 2083 de
527 2029 627 2081 vertice
639 2030 744 2096 montis,

106 2102 251 2169 Despicere
264 2102 291 2152 in
304 2101 389 2152 valles
402 2102 540 2165 imumque
554 2097 707 2150 Acheronta
719 2096 832 2166 videtur,

105 2170 192 2237 Nunc,
206 2169 251 2222 ubi
263 2168 408 2220 demissam
421 2184 533 2219 curvum
546 2167 723 2219 circumstetit
735 2183 842 2234 aequor,
941 2171 996 2221 505

105 2237 245 2306 Suspicere
259 2237 359 2289 inferno
371 2252 507 2288 summum
521 2235 556 2287 de
568 2237 676 2303 gurgite
688 2236 802 2289 coelum.

105 2307 190 2375 Saepe
203 2307 249 2358 dat
261 2307 397 2374 ingentem
411 2305 493 2357 fluctu
508 2304 580 2356 latus
594 2306 645 2357 icta
658 2304 798 2374 fragorem,

104 2376 164 2430 Nec
176 2376 262 2429 levius
275 2374 379 2446 pulsata
392 2382 475 2442 sonat,
490 2391 571 2443 quam
586 2373 688 2426 ferreus
699 2374 763 2426 olim

70 2582 196 2619 antennas.
227 2571 325 2623 Arbore,
342 2569 422 2626 male;
445 2585 472 2617 as
493 2568 562 2623 infra,
580 2584 603 2615 v.
625 2570 776 2616 aot-478.
798 2566 856 2616 Non
876 2571 993 2630 amplius,

70 2646 139 2689 quom
148 2629 257 2686 omitted,
269 2645 295 2676 as
306 2627 341 2676 fre
359 2628 537 2688 uently.-479.
554 2627 681 2688 Longeque
691 2636 749 2674 erat.
776 2626 876 2674 Metam.
886 2626 919 2674 xi.
931 2631 993 2676 7942

72 2689 152 2748 Caput
160 2699 200 2756 ⁸est
209 2704 225 2755 ¹tt
237 2703 334 2746 corpore
343 2645 386 2735 lon
405 2704 432 2755 e.¹
459 2688 530 2741 Esse,
541 2686 613 2733 when
627 2685 715 2753 joined
722 2685 783 2732 with
794 2701 825 2732 an
835 2684 937 2742 adverb,
948 2687 997 2736 hau

68 2705 841 2852 tristanturnatatiliatrraibntettan
854 2745 997 2852 alitia

69 2863 133 2909 Asia
149 2838 321 2906 Minoi—482.
339 2860 483 2907 Jcmdodcm
498 2862 620 2917 deoittite,
634 2877 664 2909 an
680 2819 821 2920 eripiession
832 2861 860 2908 os
872 2860 913 2908 the
926 2871 996 2910 most

69 2935 98 2966 ur
116 2928 155 2965 ent
172 2918 251 2982 haste,
265 2918 289 2962 in
300 2917 382 2963 which
399 2917 537 2976 something
554 2918 574 2964 is
590 2920 702 2978 required
713 2930 738 2967 to
749 2922 779 2967 be
791 2919 853 2967 done
865 2922 922 2980 long
938 2938 994 2982 ogo.

69 2979 93 3026 n
103 2987 168 3024 etum.
180 2989 229 3021 xttr.
247 2978 306 3022 457:
325 2974 400 3041 Utere
414 2975 558 3032 jamdudum
569 2992 687 3035 generoso
699 2978 831 3038 sanguine;
846 2978 914 3038 Virg.
926 2979 993 3027 Aea.

69 3037 92 3084 ii.
106 3039 147 3083 103
156 3053 162 3082 2
180 3033 195 3081 J
198 3031 329 3079 umdudum
338 3041 427 3098 sumite
436 3039 618 3090 poenas-483.
635 3037 758 3084 Amerinis
767 3039 895 3084 aubttettite
903 3040 992 3094 celum,

68 3096 151 3144 velum
168 3091 303 3140 involutum
320 3089 417 3148 alligate
434 3092 463 3138 ad
480 3098 691 3143 antennae-486.
715 3096 848 3143 Subducere
865 3111 948 3150 rentes,
966 3105 995 3143 to

68 3155 126 3202 take
135 3167 205 3211 away
213 3150 254 3198 the
264 3165 327 3201 cars,
337 3147 389 3217 that
398 3149 456 3209 they
465 3151 543 3211 might
552 3162 593 3198 not
604 3155 633 3200 be
644 3154 737 3202 broken
746 3156 779 3214 by
789 3155 829 3202 the
839 3153 951 3201 violence
961 3153 992 3202 of

68 3213 109 3260 the
120 3212 293 3261 naves—487.
311 3207 414 3274 llduotre
421 3210 494 3265 latas,
505 3222 531 3257 to
540 3211 605 3257 close
615 3212 647 3259 all
656 3214 697 3259 the
705 3214 823 3273 openings
832 3228 864 3260 ou
873 3211 914 3259 the
923 3212 993 3261 sides

68 3272 96 3318 os
103 3273 144 3320 the
154 3269 243 3324 vessel,
254 3264 386 3326 especially
395 3265 464 3314 those
475 3269 510 3316 for
518 3270 559 3316 the
570 3284 632 3316 cars.
661 3270 822 3332 Velanegare.
847 3272 895 3318 See
904 3286 927 3318 v.
937 3275 992 3320 519.

66 3333 149 3379 -489,
166 3330 241 3388 Rupit
257 3336 384 3378 ariteooas,
398 3326 483 3383 raptim
501 3327 613 3375 detrahit.
641 3328 700 3376 Sine
716 3333 773 3391 lege.
787 3329 891 3377 without
910 3329 991 3378 order.

66 3391 149 3436 -492,
169 3389 219 3448 Qui
226 3389 258 3435 sit
267 3394 354 3439 status,
365 3384 431 3431 what
440 3400 496 3446 may
507 3388 535 3433 be
545 3385 586 3432 the
596 3395 659 3441 state
668 3388 696 3434 os
703 3398 813 3445 matters,
823 3389 879 3435 how
887 3397 991 3437 matters

61 3449 228 3495 stand-505.
249 3445 355 3494 Corvum
369 3458 464 3505 aequor,
477 3445 519 3494 the
530 3459 609 3502 ware,
624 3445 717 3494 archad
729 3446 782 3493 hue
795 3463 813 3492 a
825 3446 994 3494 mountain.-

57 3650 82 3672 A
178 3662 187 3671 .
268 3642 389 3673 A
