2108 3728
38 228 41 237 '
63 229 124 295 222
348 240 513 284 exoneras
532 239 577 283 nx
598 240 704 284 ov11>11

99 352 316 420 Hadriacumque
329 359 423 422 patens
435 351 489 403 late
501 351 688 419 bimaremque
700 350 864 406 Corinthon:

134 420 178 474 Sic
190 422 263 474 venit
275 421 309 473 ad
321 429 419 490 portus,
432 420 523 473 Attica
535 428 611 479 terra.
624 429 691 472 tuos

100 491 152 545 Hic
165 491 282 560 primum
295 489 364 541 sedit
376 488 465 557 gelido
476 479 657 542 miiestiseima
670 504 743 541 saxo.

136 558 205 612 lllud
217 558 379 627 Cecropidae
392 574 463 610 iinnc
475 574 581 626 quoque
594 558 669 609 triste
682 564 788 609 vocant.

101 627 155 682 Sub
167 628 232 680 Jove
245 627 350 680 durarit
362 626 453 678 multis
465 627 577 678 immota
589 625 686 678 diebus
940 630 966 679 ut

137 696 172 749 Et
184 695 263 748 lunae
277 695 381 774 patiens
392 704 420 747 et
432 693 559 763 pluvialis
571 710 666 762 aquae.

103 763 168 818 Fors
180 780 228 816 sua
240 780 339 832 cuique
352 762 409 814 loco
422 771 472 815 est.
508 763 585 821 Quod
597 779 668 814 nunc
680 760 802 815 Cerealis
814 761 928 816 Elensin

137 832 247 900 Dicitur,
260 832 311 884 hoc
323 832 399 885 Celei
411 848 470 885 rura
482 830 557 884 fuere
570 831 649 884 senis

102 900 152 954 llle
164 900 275 954 domurn
286 899 400 968 glandes
411 916 578 968 excussaque
591 915 666 952 mora
677 897 779 952 rubetis

138 969 234 1037 Portet,
248 977 275 1022 et
286 969 385 1022 arsuris
396 968 471 1021 arida
483 968 555 1036 ligna
567 968 649 1020 iocis:
937 971 966 1021 61

42 1091 48 1104 ,
103 1037 173 1090 Filia
184 1054 265 1107 parva
277 1037 345 1090 duas
357 1037 495 1158 wdffiebat
507 1046 598 1089 monte
610 1035 743 1105 capellas:

139 1106 173 1159 Et
186 1114 260 1158 tener
273 1107 299 1159 in
312 1106 389 1159 cunis
430 1107 471 1158 ius
482 1121 563 1173 aeger
575 1114 640 1156 erat.

105 1174 228 1241 ‘Mateq'
241 1175 279 1227 ait
291 1174 380 1242 virgo:
400 1182 473 1227 mota
485 1185 525 1226 est
537 1173 589 1225 dea
602 1172 710 1225 nomine
722 1171 834 1225 matris:

139 1241 227 1300 ‘Quid
239 1241 307 1294 facis
319 1242 345 1293 in
358 1241 422 1293 solis
434 1242 588 1294 incomitata
600 1241 693 1293 locisl’

102 1305 209 1363 Restitit
220 1317 248 1361 et
260 1309 355 1373 senior,
368 1311 494 1377 quamvis
505 1326 572 1362 onus
584 1323 667 1378 urget,
681 1316 709 1360 et
720 1317 786 1378 orat,
942 1314 966 1364 t:

138 1377 223 1430 Tecta
235 1394 300 1430 suae
312 1377 408 1429 subeat
419 1379 670 1446 quantulaqumque
681 1393 770 1429 casae.

103 1446 153 1500 Illa
164 1455 252 1516 negat.
288 1445 430 1500 simularat
442 1463 532 1515 annin,
546 1448 678 1514 mitraque
690 1445 804 1514 capillos

139 1515 285 1568 Presserat.¹
319 1515 432 1568 Instanti
444 1515 510 1567 talia
522 1515 594 1568 dicta
607 1515 703 1567 refert:

105 1583 218 1653 ‘Sospes
230 1601 284 1645 eas,
297 1600 458 1654 semperque
470 1600 576 1653 parens.
614 1582 684 1635 Mihi
697 1581 753 1636 filia
765 1591 843 1652 rapta
854 1589 905 1636 est.

139 1653 199 1704 Heu
211 1653 306 1705 melior
318 1660 417 1721 quanto
429 1669 485 1704 sors
497 1660 542 1704 tue
555 1659 623 1703 sorte
637 1668 698 1703 mea
711 1663 751 1704 est
761 1650 780 1704 l'
941 1657 966 1704 52

103 1720 184 1775 Dixit.
220 1721 255 1774 Et
268 1730 295 1773 ut
308 1720 443 1783 lacrimae,
455 1737 543 1788 neque
556 1719 628 1772 enim
641 1719 780 1773 lacrimare
792 1719 906 1774 deorum
918 1730 966 1784 est,

139 1788 246 1841 Decidit
259 1789 286 1841 in
299 1789 404 1859 tepidos
415 1789 505 1842 lucida
516 1797 592 1856 gutta
604 1788 684 1840 sinus.

105 1855 184 1910 Flent
196 1857 296 1926 pariter
308 1857 403 1910 molles
415 1858 513 1911 animis
524 1858 651 1924 virgoque
665 1872 810 1926 senexque,

139 1925 163 1978 E
174 1926 273 1995 quibus
284 1926 353 1978 haec
364 1925 429 1996 justi
442 1926 524 1979 verba
537 1925 611 1978 fuere
624 1925 711 1978 senis:

105 1992 164 2045 ‘Sic
177 1994 233 2063 tibi,
247 2011 329 2062 quarn
342 1995 462 2063 quereris
475 2004 586 2063 raptam,
600 1995 633 2046 sit
645 1993 701 2045 filia
713 2009 821 2062 sospes:
942 1999 966 2047 52

140 2062 232 2130 Surge,
245 2079 296 2114 nec
308 2063 422 2129 exiguae
434 2065 483 2115 des
505 2065 545 2114 ice
559 2063 742 2115 tecta-casae!

103 2129 153 2182 ciri
165 2129 226 2191 dea,
239 2129 325 2190 ‘duc’
338 2131 433 2198 inquit.
465 2080 566 2195 ‘grisii
579 2149 634 2203 qua
646 2147 742 2199 cogere
755 2131 867 2200 posses)

139 2196 228 2265 Seque
240 2197 312 2250 levat
324 2213 395 2267 sexo,
409 2199 633 2268 subsequiturque
647 2216 749 2252 seriem.

103 2265 165 2318 Dux
177 2266 267 2319 comiti
280 2274 376 2336 narrat,
389 2284 470 2337 quam
483 2268 516 2319 sit
529 2268 580 2320 sibi
592 2269 663 2321 filius
675 2284 764 2336 aeger,

138 2335 198 2389 Nec
210 2336 298 2417 capiat
311 2353 418 2391 somnos
430 2337 605 2406 invigiletque
618 2337 704 2389 malis.
942 2342 966 2389 ti

103 2403 152 2459 Illa
164 2405 341 2485 soporiferum
352 2423 448 2476 parvos
460 2407 556 2459 initura
587 2415 681 2459 enates

139 2474 245 2543 Colligit
256 2476 355 2543 agresti
368 2475 428 2528 lene
441 2492 557 2545 papaver
569 2423 661 2527 Ennio.

102 2543 174 2596 Dum
187 2543 260 2612 legit,
273 2544 357 2597 oblito
368 2544 452 2598 fertur
463 2554 586 2613 gustasse
599 2543 696 2616 palato,

69 2652 117 2702 end
127 2669 218 2722 seems,
232 2655 361 2723 therefore,
375 2665 400 2705 to
411 2655 521 2706 consider
533 2655 599 2721 thern
611 2670 695 2701 usone
706 2653 752 2701 arid
764 2653 806 2699 the
817 2668 894 2722 seme.
922 2651 966 2700 Na<

70 2713 157 2781 fraga,
178 2729 203 2761 in
224 2725 303 2762 active
325 2731 413 2764 sense:
436 2715 536 2774 causing
557 2710 966 2816 shipiiireeks.-p301¹,(iltiiiiaraaq‹

68 2771 966 2898 setgiiimehgi'tlhjeteeiiliflitezzln{remi-rius&ocshrltilgssssflff'5odfirirstcssoffi

69 2885 125 2933 The
138 2885 221 2933 Greek
237 2903 345 2954 nomenis
360 2892 479 2948 ἀγέλαστος
489 2892 565 2950 πέτρας
584 2898 601 2935 it
610 2904 639 2962 nis
655 2903 713 2934 near
724 2887 829 2934 Eleusis.
837 2907 868 2918 -
877 2889 930 2933 505.
942 2885 966 2932 S:

67 2942 781 3064 dimititte¹liitlmilii‘tiltttitit.
797 2943 966 3052 Iltlltlt

68 3063 219 3129 pote-509.
232 3059 386 3120 Excursoqrie
396 3077 460 3128 mora
471 3063 565 3110 miletis.
599 3063 646 3110 See
659 3063 758 3112 Metam.
772 3062 787 3108 i.
801 3064 851 3128 ξοδ.
880 3059 966 3109 Eccos,

68 3119 187 3187 qndicates
203 3120 255 3167 thot
271 3133 333 3167 even
352 3117 413 3166 such
435 3120 522 3179 simple
538 3121 595 3169 food
610 3123 722 3181 required
738 3130 847 3168 exertion
866 3129 891 3165 to
908 3121 966 3166 obta

68 3188 95 3226 rt.
104 3183 195 3247 -5lt}.
208 3179 304 3235 Subest,
317 3188 344 3226 ut
360 3178 455 3225 subeat.
465 3183 557 3249 ”⁵¹⁷2
569 3181 616 3228 Illa
627 3190 708 3242 negot,
722 3189 829 3245 recusat,
857 3177 966 3225 Simalor

68 3253 150 3292 onum,
163 3236 288 3285 simularat
301 3253 328 3285 se
339 3251 395 3284 esse
406 3250 487 3284 snum.
515 3237 635 3296 Mitaque.
666 3240 713 3285 See
725 3238 792 3305 Fert.
805 3252 838 3283 iii.
850 3238 966 3302 odie-51

68 3293 205 3348 Presserat.
218 3296 263 3343 she
280 3295 327 3366 liud
343 3296 427 3366 droun
437 3293 485 3361 ¹her
501 3311 545 3353 cup
561 3311 619 3344 over
636 3298 679 3347 her
694 3297 759 3363 hair,
774 3310 801 3342 sc
817 3294 869 3341 that
887 3303 904 3340 it
922 3293 966 3341 finti

68 3351 966 3470 ‘ittiilliiititisittllttttlllti‘ltnlnlgllifilimi

58 3425 165 3529 tatione,
179 3486 229 3532 qua
239 3481 300 3521 arte.
307 3473 399 3520 -531,
409 3469 504 3522 Parnon
515 3481 624 3535 periotes,
632 3426 966 3528 usitam’ossst-sst'ffl

15 3648 337 3680 ⁴-
