2108 3728
404 201 527 249 uersu
549 205 612 248 ms.
633 204 681 248 x1.
943 188 1004 255 127

105 320 223 373 Talibus
235 319 359 373 Aeolidis
370 318 452 373 dictis
463 317 634 386 lacrimisque
646 325 772 370 movetur

107 389 236 442 Sidereus
248 389 364 460 conjux3
383 404 471 456 neque
483 387 557 438 enim
569 387 655 439 minor
668 387 737 453 ignis
748 386 775 437 in
788 385 846 454 ipso
858 395 900 441 est
907 404 916 458 ;
951 393 1004 443 tao

108 459 161 512 Sed
175 476 267 527 neque
300 459 429 528 ropositos
440 456 527 525 pelagi
539 456 676 508 dimittere
689 470 791 524 cursus,

109 529 170 580 Nec
182 529 241 580 uult
252 477 406 598 Alhyonem
419 527 445 578 in
459 535 564 594 partem
575 524 706 577 adhibere
718 523 820 594 pericli,

109 598 255 667 Multaque
268 591 405 666 respondit
419 594 543 647 timidum
555 593 668 645 solantia
680 603 790 661 pectus:

110 667 171 718 Nec
183 675 275 719 tamen
289 666 389 719 idcirco
401 680 512 717 caumas
524 663 626 731 probat.
662 661 774 714 Addidit
786 661 839 715 illis

111 736 168 787 Hoc
181 751 289 804 qnoque
301 735 427 801 lenimen,
440 749 493 802 quo
505 732 560 785 solo
571 731 646 784 flexit
658 739 811 783 amantem:
950 742 1002 791 450

112 805 222 873 ‘Longa
234 805 347 873 quidem
359 803 436 855 nobis
448 802 535 854 omnis
546 817 637 866 mora3
656 799 704 852 sed
717 800 764 852 tibi
775 800 834 869 juro

112 873 164 925 Per
176 875 277 942 patrios
289 872 433 942 ignes,-si
446 887 491 924 me
504 870 584 922 modo
596 869 651 922 fata
664 870 844 937 remittant,-

111 944 184 994 Ante
197 959 375 1010 reversurum,
389 957 472 1009 quarn
485 940 549 992 luna
560 940 604 992 bis
616 938 727 1007 impleat
739 938 850 992 orbern.²

37 1013 39 1016 ⁴
111 1011 161 1063 llis
174 1012 220 1064 ubi
234 1012 373 1081 promissis
385 1026 448 1079 spes
460 1017 501 1061 est
513 1009 622 1060 admota
635 1023 764 1076 recursus,

112 1080 236 1133 Protinus
248 1081 376 1134 eductam
388 1078 529 1132 navalibus
540 1094 657 1147 aequore
670 1077 737 1144 tingi
950 1085 1001 1134 455

112 1151 263 1218 Aptarique
276 1151 332 1202 suis
343 1148 436 1218 pinum
448 1146 525 1217 jubet
538 1147 722 1198 armamentis.

112 1217 176 1276 Qua
188 1235 279 1271 rursus
291 1219 357 1287 visa,
370 1218 452 1270 veluti
466 1232 596 1285 praesaga
609 1215 698 1282 sutori,

112 1287 220 1340 Horruit
233 1288 364 1359 Alcyone,
376 1287 554 1353 lacrimasque
567 1285 655 1336 emisit
668 1284 781 1354 obortas,

112 1355 318 1426 Amplexusque
330 1354 414 1424 dedit,
428 1356 549 1423 tristique
562 1354 713 1406 misserima
724 1354 835 1407 tandem

109 1423 165 1475 Ore
180 1425 262 1476 ‘Vale
273 1425 290 1477 l’
304 1425 378 1493 dixit,
392 1423 563 1492 collapsaque
576 1439 683 1492 corpore
697 1431 750 1473 toto
762 1434 812 1476 est.
951 1432 1003 1480 460

113 1494 150 1544 At
161 1491 283 1560 juvenes,
296 1503 425 1561 quarente
438 1509 527 1545 moras
538 1493 636 1561 Ceyce,
651 1491 781 1543 reducunt

110 1561 258 1614 Ordinibus
268 1563 385 1628 geminis
396 1563 430 1614 ad
444 1562 520 1618 sortia
532 1573 639 1629 pectora
652 1577 747 1626 remos,

112 1630 285 1699 Aequalique
298 1631 351 1682 ictu
363 1631 487 1683 scindunt
500 1631 576 1682 freta.
613 1629 723 1682 Sustulit
735 1629 781 1681 illa

113 1699 266 1752 Humentes
277 1699 375 1762 oculos,
388 1709 556 1767 stantemque
569 1700 594 1751 in
608 1716 696 1768 puppe
709 1716 819 1751 recurva

113 1768 305 1836 Concussaque
317 1783 400 1819 manu
413 1770 521 1821 dantem
535 1769 585 1822 sibi
600 1770 675 1835 signa
688 1770 815 1822 maritum
950 1776 1000 1824 465

114 1835 204 1889 Prima
215 1836 299 1905 videt,
313 1836 454 1904 redditque
467 1846 550 1889 notas.
587 1837 637 1890 Ubi
652 1846 722 1889 terra
737 1839 849 1892 recessit

113 1905 239 1974 Longius,
253 1913 336 1974 atque
348 1904 417 1956 oculi
430 1914 565 1973 nequeunt
578 1922 740 1974 cognoscere
752 1906 849 1978 vultus,

112 1975 186 2028 Dum
198 1975 274 2036 licet,
286 1975 434 2042 insequitur
446 1972 592 2040 lugientem
606 1976 709 2027 lamine
722 1975 825 2044 pinum.

113 2043 190 2097 Haec
202 2060 310 2112 quoqne
322 2051 352 2095 ut
364 2042 436 2094 haud
449 2052 559 2111 poterat,
573 2045 656 2111 spatio
669 2044 800 2116 submota,
815 2045 907 2116 videri,

111 2112 182 2164 Vela
194 2122 286 2165 tamen
299 2120 402 2181 spectat
415 2128 520 2164 summo
533 2112 664 2164 fluitantia
677 2113 757 2165 malo,
949 2119 1001 2168 47⁰

116 2181 150 2234 Ut
164 2199 215 2234 nec
227 2182 290 2234 vela
304 2181 385 2250 videt,
397 2197 514 2232 vacuum
529 2181 594 2249 petit
607 2181 685 2233 anxia
698 2183 806 2253 lectum,

113 2251 202 2320 Seque
216 2262 272 2302 toro
284 2250 367 2319 ponit.
403 2251 523 2323 Renovat
536 2250 675 2317 lectusque
688 2250 817 2320 locusque

112 2320 251 2390 Alcyones
264 2319 397 2388 lacrimas,
411 2327 437 2371 et
449 2335 519 2388 quae
532 2336 600 2388 pars,
614 2319 748 2387 admonet,
762 2323 841 2375 absit.

112 2388 247 2442 Portubus
260 2390 387 2456 exierant,
402 2397 428 2440 et
441 2397 560 2440 moverat
573 2404 638 2440 aura
651 2388 790 2442 rudentes:

112 2458 235 2511 Obvertit
248 2457 326 2511 lateri
338 2457 487 2526 pendentes
499 2457 589 2510 navita
602 2472 696 2526 remos,
949 2464 1000 2514 475

113 2527 272 2597 Comnaque
286 2528 312 2579 in
326 2543 432 2579 summa
444 2526 514 2579 locat
526 2527 627 2595 arbore,
642 2534 748 2595 totaque
761 2527 833 2582 malo

113 2596 233 2649 Carbasa
245 2595 355 2649 deducit
368 2597 562 2664 venientesque
575 2595 674 2663 accipit
687 2611 773 2646 auras.

78 2709 130 2754 445.
142 2705 256 2753 Siderous
267 2707 360 2766 conjux.
385 2705 454 2765 Ceyx
464 2722 516 2753 was
525 2705 638 2753 Lucifero
649 2704 757 2764 genitore
769 2714 836 2751 satus
848 2706 1000 2767 patriumque

78 2765 182 2814 nitorem
193 2779 236 2812 ore
247 2764 336 2820 ferens,
349 2780 372 2811 v.
384 2768 438 2813 275.
462 2764 542 2826 Ignis,
555 2781 589 2812 sc.
602 2764 781 2811 amoris—449.
796 2764 899 2813 Causam
908 2770 998 2827 probat,

78 2839 112 2871 sc.
122 2823 165 2871 illi.
174 2845 207 2855 -
214 2827 267 2870 540.
277 2823 367 2879 Pleuit,
378 2824 409 2871 he
420 2823 515 2871 calmed
524 2823 577 2879 her,
589 2823 692 2883 brought
704 2822 748 2869 her
758 2832 784 2869 to
795 2824 864 2871 other
875 2825 934 2873 thou
953 2827 999 2875 hts.

77 2885 161 2930 -453,
172 2883 239 2930 Ante
255 2898 412 2936 reuersurum,
425 2899 458 2930 sc.
474 2898 522 2937 me,
535 2883 616 2930 which
630 2883 650 2929 is
666 2882 742 2941 easily
754 2881 882 2942 dispensed
892 2843 952 2934 will
969 2903 1000 2935 on

78 2950 181 2989 account
190 2940 226 2988 'ol
238 2942 279 2988 the
293 2958 328 2988 ma
343 2941 423 2989 which
440 2940 607 3001 immediately
622 2941 744 3000 precedes.
772 2942 819 2990 See
833 2945 913 2992 Gram.
923 2945 936 2997 i
945 2949 998 3002 385,

78 2999 126 3046 and
142 3009 200 3046 note
218 3003 336 3047 1.-456.
348 2999 446 3048 Pinum.
474 3001 521 3047 See
533 3001 632 3048 illatam.
650 3001 665 3047 i.
681 3004 814 3050 95.—459.
826 3006 1002 3064 Amplesusquc

78 3059 152 3105 dedit.
180 3057 279 3106 Metam.
291 3059 322 3106 ix.
335 3062 392 3106 560:
412 3059 443 3106 Et
456 3059 541 3106 damus
553 3059 678 3117 amplexus
689 3069 714 3107 et
726 3061 852 3128 jungimus
868 3063 950 3108 oscula
960 3076 999 3108 co-

77 3131 138 3164 ram.
170 3116 235 3164 Dare
257 3117 278 3165 is
299 3117 365 3164 often
386 3118 446 3166 used
467 3118 492 3164 in
510 3117 602 3164 similar
621 3119 842 3175 circumlocutione,
866 3134 998 3174 murmura,

77 3175 194 3282 gemitus,
207 3176 349 3235 plangorem
360 3176 426 3230 dare,
441 3176 574 3224 dac-462.
591 3176 722 3225 Ordinibus
733 3179 842 3238 geminis.
873 3175 999 3242 ,Tbe'ship

95 3250 123 3282 as
141 3243 191 3281 two
202 3234 281 3282 baults
296 3235 324 3281 of
336 3250 399 3290 oars,
414 3235 617 3283 biremis-466.
627 3236 720 3289 Prima,
734 3244 836 3281 connect
847 3232 907 3279 with
919 3247 998 3290 signa,

78 3292 121 3340 the
139 3292 251 3340 husband
268 3293 354 3341 makes
371 3294 412 3341 the
430 3293 482 3341 first
501 3295 576 3353 signs,
594 3294 653 3341 then
671 3293 714 3339 she
730 3290 808 3337 reddit
824 3293 998 3356 notas—472.

77 3351 158 3413 Seque
168 3361 218 3399 toro
226 3354 304 3412 ponit,
315 3352 418 3400 without
430 3352 471 3399 the
483 3353 637 3410 preposition.
669 3352 702 3396 So
713 3349 814 3414 Metapa,
824 3348 855 3394 iri.
865 3350 924 3394 660:
943 3348 999 3396 Sta·

76 3410 106 3458 tlt
118 3424 225 3469 aequore
237 3410 338 3468 puppim
352 3411 384 3457 ix.
395 3414 454 3458 6⁵0:
472 3410 531 3458 dura
541 3410 626 3468 positis
638 3409 724 3455 tellure
735 3405 932 3473 caprilis-475.
954 3405 999 3454 Ob·

75 3469 233 3522 mazlaum}
245 3467 300 3526 lays
309 3469 351 3516 the
360 3485 415 3518 cars
426 3485 511 3519 across
519 3469 561 3518 the
571 3467 623 3518 side
632 3465 659 3517 ol
666 3465 711 3515 the
718 3463 879 3525 suin—tua.
894 3464 1008 3522 Cornua,
