2108 3728
61 179 119 241 130
336 195 502 239 axonam
522 197 567 238 nx
588 196 695 240 ovrnrr

94 309 184 368 Quam
196 307 270 361 velut
282 309 307 360 in
321 316 416 378 captae
428 307 577 360 descendat
589 309 696 362 moenia
708 311 794 365 navis.

96 379 161 431 Pars
173 379 251 446 igitur
264 378 384 430 tentabat
396 377 486 430 adhuc
499 379 625 430 invadere
638 379 742 446 pinum,

95 448 159 500 Pars
171 448 253 500 maris
265 448 335 499 intus
347 454 412 498 erat.
449 447 596 515 Trepidant
609 447 678 499 haud
693 449 803 516 segnius
815 468 921 524 omnes,

95 517 182 574 Quam
196 517 263 569 solet
275 517 346 580 urbs,
360 516 421 567 aliis
433 533 539 568 murum
553 515 716 569 fodientibus
728 530 812 590 extra,

95 589 185 655 Atque
198 587 258 638 aliis
270 603 384 654 murum,
398 585 537 654 trepidare,
552 586 705 638 tenentibus
718 586 799 640 intus.

95 655 190 708 Deficit
203 673 246 706 ars
258 656 394 722 animique
406 654 512 721 cadunt,
527 654 692 723 totidemque
705 656 839 727 videntur,

96 724 167 783 Quot
179 725 288 776 veniunt
302 724 405 791 fluctus,
419 739 496 774 ruere
508 732 589 792 atque
603 725 748 792 irrumpere
762 739 871 779 mones.

95 794 157 846 Non
169 801 242 844 tenet
255 792 299 844 hic
311 789 445 860 lacrymas
452 808 460 859 3
480 801 568 861 stupet
582 793 632 860 hic,
646 802 724 844 vocat
737 794 784 846 ille
798 797 900 867 beatos,

96 861 201 913 Funera
213 878 279 930 quos
291 870 434 928 maneant3
453 861 498 912 hic
510 861 578 913 votis
590 878 690 913 numen
703 863 803 934 adorat,

96 930 263 998 Brachioque
275 930 309 982 ad
322 930 436 997 coelum,
450 930 521 997 quod
534 947 586 981 non
598 930 681 995 videt,
696 931 769 984 irrita
782 934 878 986 tollens

96 999 186 1052 Poscit
198 1017 277 1068 opem
285 1016 292 1067 3
313 1000 428 1052 subeunt
441 999 478 1050 illi
490 999 639 1067 fratresque
652 1013 812 1070 parensque,
860 997 862 1001 ’
935 1055 937 1060 .

96 1068 166 1121 Huic
179 1086 240 1121 cunr
254 1068 409 1138 pignoribus
421 1068 525 1130 domus,
538 1077 564 1119 et
577 1068 647 1136 quod
662 1069 758 1138 cuique
773 1071 896 1124 relictum
910 1089 940 1124 es

97 1138 218 1205 Alcyone
233 1140 323 1207 Ceyca
335 1145 440 1190 movet:
461 1138 558 1205 Ceycis
570 1138 597 1188 in
609 1154 653 1189 ore

97 1207 179 1258 Nulla
190 1207 240 1257 nisi
254 1207 376 1274 Alcyone
388 1215 438 1274 est,
452 1214 487 1265 et,
500 1224 564 1258 curn
577 1206 712 1258 desideret
725 1224 817 1270 unam,

97 1276 203 1326 Gaudet
215 1275 311 1326 abesse
324 1284 423 1326 tamen.
461 1275 565 1327 Patriae
577 1292 684 1343 quoque
697 1276 779 1328 vellet
792 1278 826 1329 ad
838 1295 899 1331 cras

96 1345 240 1412 Respicere
254 1344 334 1411 inque
347 1343 456 1395 domum
470 1361 609 1413 supremos
622 1353 725 1397 vertere
739 1346 829 1399 vultus
836 1364 844 1417 3

97 1414 198 1465 Verum
211 1412 256 1464 ubi
270 1414 303 1464 sit
316 1412 415 1464 nescit:
431 1421 503 1464 tanta
515 1414 646 1480 vertigine
658 1423 754 1482 pontus

98 1482 202 1550 Fervet,
217 1493 242 1533 et
255 1482 363 1534 inducta
376 1483 459 1550 piceis
471 1499 485 1533 e
498 1482 617 1535 nubibus
630 1483 725 1535 umbra

97 1553 182 1604 Omne
195 1552 260 1604 latet
273 1552 387 1619 coelum,
401 1552 592 1620 duplicataque
604 1552 689 1604 noctis
701 1553 790 1623 imago
803 1565 852 1606 est.
938 1592 940 1602 ,

99 1621 239 1688 Frangitur
251 1622 358 1674 incursu
371 1621 485 1673 nimbosi
498 1620 613 1672 turbinis
624 1621 708 1691 arbor,

50 1722 53 1727 -
97 1689 235 1757 Frangitur
248 1699 274 1741 et
287 1691 414 1756 regimen,
429 1690 573 1759 spoliisque
585 1691 705 1742 animosa
718 1700 857 1760 superstes

98 1759 184 1825 Unda,
199 1759 272 1811 velut
285 1759 387 1828 victrix,
401 1760 558 1826 sinuataque
572 1759 685 1828 despicit
697 1760 792 1812 undas.

74 1837 79 1850 ·
98 1828 158 1880 Nec
170 1828 262 1896 levius,
277 1845 358 1896 quam
372 1829 393 1880 si
406 1829 465 1895 quis
477 1827 567 1880 Athon
580 1829 738 1898 Pindumve,
753 1830 872 1883 revulsos

99 1896 167 1949 Sede
180 1915 235 1959 sua,
248 1906 316 1950 totos
329 1899 355 1950 in
367 1906 490 1966 apertum
503 1906 635 1949 everteret
647 1915 755 1966 aequor,

99 1966 277 2034 Praecipitata
289 1967 369 2029 cadit,
380 1967 531 2035 pariterque
544 1973 571 2017 et
582 1967 699 2034 pondere
712 1977 739 2020 et
752 1968 808 2021 ictu

98 2036 197 2102 Mergit
210 2037 235 2087 in
248 2037 304 2088 ima
316 2045 399 2088 ratem
411 2053 417 2087 :
437 2053 498 2088 curn
512 2051 565 2103 qua
577 2053 639 2103 pars
652 2054 749 2103 magna
761 2038 885 2108 virorum,

98 2105 207 2170 Gurgite
221 2121 312 2173 pressa
323 2105 396 2171 gravi
410 2121 496 2172 neque
509 2105 536 2156 in
548 2109 610 2156 aera
623 2104 734 2174 reddita,
748 2107 803 2159 fato

99 2172 202 2224 Functa
214 2189 261 2225 suo
274 2181 321 2225 est.
358 2173 410 2224 Alii
424 2183 513 2242 partes
525 2182 552 2225 et
565 2173 687 2226 membra
699 2176 805 2227 carinae

98 2241 203 2293 Trunca
215 2250 314 2294 tenent.
350 2244 435 2294 Tenet
449 2243 506 2311 ipse
519 2260 608 2312 manu,
622 2260 674 2310 qua
687 2252 791 2312 sceptra
804 2246 917 2311 solebat,
937 2265 940 2296 r

98 2310 240 2378 Fragmina
252 2312 350 2380 navigii
364 2313 446 2382 Ceyx,
460 2329 635 2380 socerumque
648 2322 806 2381 patremque

97 2380 206 2433 Invocat
218 2382 271 2434 heu
285 2381 388 2435 frustra.
424 2382 476 2435 Sed
489 2381 603 2452 plurima
616 2382 704 2434 nantis
717 2383 742 2434 in
756 2399 801 2434 ore

97 2451 217 2520 Alcyone
230 2451 342 2520 conjux:
363 2453 438 2503 illam
450 2451 626 2517 meminitque
639 2450 781 2520 refertque,

96 2520 171 2573 Illius
183 2529 245 2574 ante
258 2521 348 2574 oculos
360 2530 389 2575 ut
401 2529 481 2589 agant
495 2537 543 2573 sua
556 2535 664 2587 corpora
677 2520 781 2589 fluetus,

96 2591 182 2660 Optat,
197 2601 224 2644 et
236 2592 368 2644 exanimis
380 2591 505 2644 manibus
518 2589 665 2642 tumuletur
676 2589 780 2640 amieis.

96 2660 167 2712 Duru
180 2669 261 2723 natat,
273 2661 422 2729 absentem,
436 2661 540 2729 quoties
553 2659 613 2710 sinit
627 2657 729 2710 hiscere
742 2658 848 2728 fluctus,

96 2730 224 2782 Nominat
236 2731 384 2799 Alcyonen,
398 2731 517 2799 ipsisque
531 2730 717 2780 immurmurat
729 2728 817 2779 undis.

61 2846 133 2904 prior.
165 2847 221 2892 The
234 2847 330 2894 Greeks
347 2846 396 2893 had
410 2861 424 2892 a
440 2845 532 2891 similar
547 2847 630 2893 noticn
647 2847 707 2893 with
723 2846 808 2905 regard
826 2856 851 2894 to
867 2847 940 2895 theti

62 2907 222 2950 nave—539.
242 2903 309 2951 Vocat
325 2907 366 2951 ille
376 2907 452 2950 beatos
464 2903 561 2950 Funera
576 2921 633 2963 qnos
649 2915 767 2952 maneant.
799 2905 846 2952 Sec
864 2909 940 2954 ubove

62 2964 197 3009 cae—542.
210 2961 316 3007 Suberant
333 2964 379 3016 illi,
396 2963 499 3007 subeunt
516 2963 622 3010 animum
640 2965 796 3011 illius-550.
812 2964 940 3026 Drrpiicctc

62 3022 136 3069 noctis
148 3021 225 3080 imago
237 3029 278 3066 est.
292 3076 297 3085 ⁴
310 3020 365 3086 The
377 3035 444 3066 same
457 3020 558 3080 thought
576 3037 602 3068 as
613 3038 636 3069 v.
649 3027 707 3070 521:
727 3023 855 3081 Caecaque
867 3040 915 3071 nox
932 3041 940 3083 1

62 3081 136 3128 mitur
152 3078 257 3126 tenebris
273 3078 409 3135 hiemisque
421 3079 623 3138 suisque—551.
635 3084 719 3128 Arbor.
754 3083 800 3128 Sec
812 3098 834 3128 v.
847 3085 940 3130 tre—3

63 3142 198 3201 Superstes.
230 3138 271 3184 An
283 3136 321 3204 ¹old
334 3136 452 3204 scholium
464 3139 574 3197 explains
585 3141 648 3186 this:
664 3156 736 3198 super
748 3156 834 3187 navem
846 3152 938 3202 stunsq

62 3200 84 3246 ei
96 3209 134 3246 cst
146 3197 215 3257 quusi
227 3196 331 3255 spolrum
343 3206 458 3243 vrctorrac
475 3202 624 3245 suae—554.
638 3200 717 3246 Athon
728 3199 872 3252 Pindumve,
886 3201 927 3247 the
939 3219 940 3223 ¹

62 3272 115 3305 mer
126 3273 156 3305 on
173 3258 214 3304 the
235 3254 365 3304 Peniusulu
377 3254 404 3301 os
417 3255 570 3311 Macedonia,
583 3257 625 3303 the
643 3257 715 3304 latter
730 3259 753 3303 in
767 3258 940 3318 Thessaly-t

62 3317 194 3372 Euerrcret,
208 3318 249 3364 the
267 3313 400 3375 imperfect,
414 3323 439 3361 tc
450 3330 558 3373 express·
567 3315 607 3362 the
620 3316 792 3374 impossibility
803 3316 831 3362 cf
844 3316 885 3364 the
897 3334 940 3376 sup

63 3376 228 3424 ahion-562.
240 3375 359 3429 Plurima,
373 3382 399 3420 to
411 3375 440 3420 be
452 3374 525 3420 tehen
542 3390 568 3422 as
585 3390 616 3421 an
632 3375 815 3422 adverb-564.
828 3374 910 3425 Illius.
930 3380 940 3426 ῗ

55 3443 131 3493 poeta
145 3435 210 3484 have
221 3435 262 3484 the
273 3434 365 3484 liecnsc
376 3431 404 3482 os
415 3433 557 3496 shortening
572 3433 616 3482 the
626 3433 673 3482 tin
681 3433 731 3480 -tus
741 3433 769 3479 cl
781 3433 824 3479 the
841 3436 940 3490 genitivi
