2108 3728
386 221 509 264 MB'I'AM.
532 221 593 264 LIB.
617 223 649 267 V.

96 333 131 402 Et,
144 349 258 402 quarum
274 333 361 386 luerat
374 349 501 400 magnum
514 333 600 405 modo!
608 349 717 396 numen,
731 333 757 386 in
771 332 832 386 illas

10 467 20 473 ῃ
95 402 256 454 Extenuatur
268 419 362 471 aquas.
400 402 499 454 Molliri
511 403 633 455 membra
645 402 760 472 videres,

11 530 15 541 ⁵
94 471 154 524 Ossa
166 472 222 540 pati
237 472 333 537 flexus,
349 488 452 538 ungues
465 472 583 538 posuisse
597 473 726 539 rigorem,
927 476 978 524 430

10 550 19 607 J
92 539 232 608 Primaque
245 541 281 592 de
295 549 350 592 tota
362 541 519 592 tenuissima
532 557 656 609 quaeque
669 541 830 608 liquescunt,

10 611 17 673 ῗ
92 609 211 661 Caemlei
224 611 315 662 crines
327 609 457 678 digitique
471 617 497 660 et
509 626 585 661 crura
598 610 752 678 pedesque:

10 704 15 733 ι
91 678 158 731 Nam
171 679 266 732 brevis
277 679 304 731 in
317 678 422 746 gelidas
435 678 565 731 membris
577 679 695 731 exilibus
707 678 793 731 undas

91 747 230 800 Transitus
242 756 294 799 est.
330 748 394 799 Post
406 747 475 799 haec
487 747 592 800 humeri
607 756 765 816 tergumque
778 748 901 817 latusque

90 816 258 885 Pectoraque
270 817 297 868 in
310 823 405 868 tenues
417 815 517 868 abeunt
530 816 644 868 evanida
657 818 742 886 rivos,
927 819 978 869 435

91 885 212 954 Denique
225 901 272 954 pro
285 885 346 937 vivo
359 885 466 937 vitiatas
478 885 609 952 sanguine
623 903 706 937 venas

90 953 215 1024 Lympha
227 953 308 1018 subit,
322 962 457 1022 restatque
470 953 537 1006 nihil
549 953 619 1023 quod
632 954 763 1023 prendere
776 955 870 1024 possis.

123 1023 233 1075 Interea
245 1022 361 1091 pavidae
375 1022 555 1092 nequicquam
568 1023 624 1076 filia
637 1024 715 1075 matri

89 1091 222 1145 Omnibus
234 1100 276 1144 est
290 1092 374 1160 terris,
388 1092 460 1144 omni
474 1094 595 1160 quaesita
609 1092 746 1160 profundo.

90 1160 167 1213 Illam
180 1178 234 1213 non
247 1161 309 1213 udis
320 1161 433 1213 veniens
445 1163 548 1213 Aurora
560 1178 592 1213 ca
613 1161 665 1212 illis
927 1166 978 1215 440

89 1229 251 1282 Cessantem
263 1230 337 1298 vidit,
350 1246 403 1282 non
416 1229 567 1298 Hesperus,
586 1178 632 1282 illa
644 1229 749 1283 duabus

89 1297 283 1351 Flammiferas
295 1298 374 1367 pinus
386 1298 510 1350 manibus
522 1300 660 1351 succendit
673 1300 708 1352 ab
720 1303 816 1370 Aetna,

89 1367 196 1436 Perque
208 1367 348 1436 pruinosas
360 1367 420 1419 tulit
434 1367 576 1435 irrequieta
588 1369 713 1421 tenebras
720 1385 728 1436 3

89 1436 200 1504 RursuS,
215 1436 261 1488 ubi
274 1436 346 1488 alma
359 1436 417 1488 dies
429 1435 569 1488 hebetarat
582 1436 677 1505 sidera,
691 1446 782 1490 natam

90 1505 160 1557 Solis
171 1505 206 1557 ad
220 1522 332 1557 occasus
345 1504 407 1556 solis
419 1505 564 1573 quaerebat
576 1506 611 1558 ab
623 1515 689 1567 ortu.
927 1510 978 1559 445

56 1620 119 1678 plied
136 1629 162 1667 to
173 1621 263 1668 vulnus
280 1621 304 1667 in
320 1620 362 1668 the
378 1621 448 1668 strict
465 1624 639 1669 sense-430.
661 1621 725 1669 Ossa
738 1622 791 1682 pati
800 1622 889 1682 flexus,
908 1621 977 1669 flexi-

57 1679 113 1726 bilia
124 1679 186 1726 fieri.
220 1680 343 1734 Posuisse,
357 1680 438 1727 aorist.
471 1679 518 1726 See
537 1680 617 1727 Gram.
635 1680 648 1730 0
665 1683 717 1735 333,
735 1690 791 1727 note
808 1684 871 1728 3.-
878 1683 930 1727 431.
942 1681 980 1729 De

58 1747 114 1793 tota,
127 1737 156 1784 os
163 1738 208 1785 her
220 1737 299 1784 whole
312 1738 480 1797 body-436.
497 1737 609 1786 Viriatus.
642 1739 733 1786 Vitiare
750 1739 771 1786 is
787 1738 839 1787 said
855 1739 883 1787 of
894 1756 978 1799 every-

57 1796 125 1856 thing
141 1796 195 1844 that
211 1796 257 1844 has
279 1796 326 1843 lost
348 1797 379 1844 its
400 1797 495 1844 natural
516 1797 682 1845 constitution.
715 1798 748 1845 So
770 1800 855 1854 above,
881 1799 904 1845 ii.
926 1803 978 1847 295.

58 1855 151 1910 Below,
170 1872 193 1902 v.
216 1858 274 1902 48οε
298 1855 382 1902 vitiata
408 1856 605 1903 semina-438.
627 1857 736 1904 Pacidoe
755 1859 835 1912 matri,
859 1873 873 1904 a
893 1858 980 1915 pavida

57 1925 141 1961 matre.
177 1914 259 1961 Gram.
273 1914 432 1964 tatu-439.
444 1914 579 1974 Profunda
593 1916 660 1962 mari.
694 1915 741 1962 See
753 1917 838 1970 above,
853 1916 876 1962 ii.
889 1920 980 1964 267.-

57 1977 107 2019 440.
124 1972 186 2020 Udis
197 1974 306 2033 cupillis;
325 1974 439 2028 because,
453 1973 503 2020 like
515 1973 556 2019 the
568 1989 622 2029 sun,
636 1974 680 2021 she
691 1975 752 2021 rises
764 1973 825 2021 from
837 1974 878 2021 the
893 1990 981 2022 sea.-

58 2034 108 2078 442.
118 2031 212 2085 Pinus,
227 2031 307 2078 whole
320 2033 374 2089 pirre
387 2041 450 2079 trees
464 2047 534 2079 serve
545 2048 571 2080 as
583 2033 680 2080 torches
691 2032 727 2080 sor
738 2033 789 2088 her,
802 2033 926 2080 whatever
937 2034 978 2080 he·

58 2089 126 2150 longe
139 2100 164 2137 to
176 2090 219 2137 the
231 2089 291 2149 gods
303 2089 376 2149 being
386 2090 479 2150 always
490 2091 647 2148 represented
658 2107 684 2140 us
695 2091 891 2142 colossal.-lll.
901 2092 978 2141 Hebe·

60 2158 123 2196 tarot
135 2151 225 2205 sidera,
239 2148 391 2208 splendorem
403 2149 509 2197 siderum
521 2149 655 2199 hebetarat.

453 2423 588 2467 suamc.

92 2532 179 2585 Fussn
191 2531 282 2585 labore
295 2532 366 2584 sitim
381 2533 533 2602 collegerat,
545 2551 644 2604 oraque
657 2535 723 2588 nulli

92 2602 247 2654 Colluerant
261 2602 356 2663 fontes,
369 2619 430 2655 cum
445 2611 543 2656 tectam
557 2605 684 2656 stramine
697 2603 764 2656 vidit

92 2671 173 2723 Forte
186 2687 286 2739 casam,
300 2688 448 2739 parvasque
461 2672 531 2725 fores
543 2673 674 2742 pulsavit:
695 2671 797 2724 atinde

91 2738 184 2792 Prodit
196 2756 273 2801 anus,
286 2740 432 2808 divamque
444 2741 527 2803 videt,
539 2741 732 2811 lymphamque
746 2741 847 2809 roganti
914 2738 922 2754 ⁹

92 2809 179 2862 Dulce
192 2808 275 2876 dedit,
290 2817 358 2861 tosta
370 2810 440 2878 quod
452 2820 560 2863 coxerat
572 2820 634 2862 ante
647 2812 763 2879 polenta.
929 2816 980 2864 450

92 2878 163 2931 Dum
182 2876 249 2930 bibit
264 2877 309 2929 illa
321 2878 421 2946 datum,
435 2877 493 2930 duri
505 2896 572 2948 puer
584 2881 635 2931 oris
647 2885 674 2932 e't
685 2881 773 2932 audax

93 2946 219 2998 Constitit
230 2955 293 2999 ante
306 2946 393 3016 deam,
408 2948 515 3016 risitque
528 2948 688 3017 avidamque
700 2950 815 3002 vocavit.

92 3014 207 3067 Offensa
219 3026 268 3080 est,
282 3033 370 3084 neque
383 3016 472 3068 adhuc
484 3026 562 3086 epota
574 3027 649 3086 parte
661 3019 817 3087 loquentem

94 3084 164 3136 Cum
179 3083 280 3152 liquido
293 3086 376 3138 mixta
389 3085 504 3154 pertudit
518 3086 578 3138 diva
610 3086 707 3140 oleuta.

92 3152 228 3205 Combibit
241 3170 271 3206 os
283 3155 410 3220 maculas,
425 3163 461 3216 et,
474 3157 527 3222 qira
539 3103 618 3206 madh
630 3156 740 3210 brachia
751 3156 842 3224 gessit,
930 3159 993 3205 455·

93 3222 178 3274 Crura
189 3223 274 3290 gerit,
293 3223 379 3276 cauda
391 3232 432 3276 est
446 3224 555 3276 mutatis
566 3223 659 3277 addita
671 3225 802 3278 membris
809 3240 816 3289 3

86 3355 142 3399 450.
151 3351 234 3407 Dulce,
245 3355 322 3412 γλνκύ,
333 3353 430 3400 dulcem
439 3358 616 3411 potum-451.
626 3355 691 3402 Duri
698 3356 756 3406 oris,
768 3348 914 3406 impudentis
924 3352 981 3400 oris.

56 3413 143 3478 -454,
157 3409 216 3458 Cum
227 3412 325 3468 liquido,
340 3427 394 3459 cum
406 3428 476 3471 aqua.
506 3412 566 3462 Cum
576 3415 667 3474 liquido
677 3413 751 3460 misto
759 3410 869 3515 pplentnt
886 3407 942 3476 that
950 3410 986 3466 ie,

56 3467 99 3516 tlre
114 3468 195 3574 quqor
205 3469 327 3526 prepared
340 3470 404 3520 from
422 3472 465 3522 the
482 3472 695 3534 polenta—455.
705 3471 762 3520 Corn
775 3468 1001 3526 0044000000·-

869 3651 1020 3692 Δι’
