2108 3728
395 213 518 256 Manain.
541 215 602 256 ΗΒ.
626 215 671 259 v1.

107 325 178 379 Pars
191 325 230 378 ibi
243 323 276 376 de
289 333 395 393 septem
406 326 505 394 genitis
517 325 670 396 Amphione
683 326 764 380 fortes

108 394 303 448 Conscendunt
316 395 342 447 in
356 411 447 463 equos,
461 395 596 464 Tyrioque
610 397 731 448 rubentia
744 415 808 450 suco

109 465 203 531 Terga
216 472 340 532 premunt
352 481 469 532 auroque
481 482 576 532 graves
589 466 759 519 moderantur
771 467 900 522 habenas.

111 535 139 587 E
150 533 251 601 quibus
262 533 391 602 Ismenos,
405 533 451 654 qui
465 535 544 586 matri
557 535 661 586 sarcina
673 535 809 603 quondam

110 603 205 655 Prima
218 619 283 655 suae
297 602 391 672 fuerat,
425 620 470 656 um
484 613 588 656 certum
601 604 685 656 flectit
698 603 723 656 in
736 605 828 658 orbem
952 609 1003 658 225

112 670 224 733 Quadra
246 671 304 724 edis
316 689 408 724 cursus
420 674 627 742 spumantiaque
640 690 685 725 ora
697 678 811 743 coercet,
892 719 896 726 .

114 741 182 792 ‘Hei
194 689 261 792 miri
271 741 289 793 l’
309 741 461 793 conclamat
473 742 616 811 medioque
629 744 655 795 in
668 752 775 812 pectore
788 745 857 798 fixus

112 810 184 861 Tela
195 811 270 880 gerit,
285 809 427 879 frenisque.
436 828 518 864 manu
530 813 661 864 moriente
675 813 795 866 remissis

111 879 145 931 In
158 878 229 931 latus
240 897 257 931 a
268 878 361 932 dextro
374 879 513 948 paullatim
527 880 621 933 defluit
633 898 716 933 armo.

112 947 262 1015 Proximus,
275 948 365 1000 audito
378 948 466 1001 sonitu
478 966 526 1018 per
539 951 617 1002 inane
630 949 778 1019 pharetrae,

112 1016 203 1069 Frena
214 1017 296 1070 dabat
308 1017 422 1088 Sipylus,
435 1019 517 1086 veluti
531 1036 594 1071 cum
606 1021 743 1087 praescius
756 1019 848 1072 imbris

112 1086 196 1139 Nube
208 1085 275 1154 fugit
288 1086 347 1139 visa
359 1086 558 1157 pendentiaque
573 1088 690 1156 undique
703 1098 788 1141 rector

113 1155 233 1209 Carbasa
245 1155 363 1225 deducit,
377 1174 410 1208 ne
423 1173 476 1224 qua
488 1157 556 1209 levis
568 1157 661 1209 effluat
673 1174 746 1210 aura.

112 1224 204 1277 Frena
216 1234 306 1277 tarneu
320 1226 431 1278 dantem
443 1243 494 1278 non
507 1226 633 1279 evitabile
646 1226 730 1279 telum

112 1294 299 1363 Consequitur,
314 1311 472 1362 summaque
486 1304 604 1348 tremens
616 1296 721 1348 cervice
734 1296 830 1364 sagitta

111 1363 217 1432 Hdesit,
231 1372 257 1415 et
270 1364 393 1416 exstabat
406 1364 508 1416 nudum
522 1365 555 1416 de
568 1373 675 1432 gutture
689 1364 798 1417 serrum.

112 1431 173 1499 llle,
188 1442 216 1484 ut
229 1442 286 1484 erat
298 1450 403 1502 pronus,
418 1450 465 1501 per
477 1433 546 1486 colla
560 1434 680 1485 admissa
696 1433 829 1502 jubasque

111 1501 244 1570 Volvitur,
258 1510 285 1554 et
298 1502 385 1554 calido
399 1502 522 1555 tellurem
536 1504 665 1570 sanguine
679 1502 778 1555 foedat.

111 1570 282 1624 Phaedimus
294 1570 387 1624 infelix
399 1580 426 1623 et
438 1572 503 1624 aviti
516 1572 631 1624 nominis
643 1571 723 1624 heres

111 1639 253 1709 Tantalus,
267 1649 295 1693 ut
308 1640 477 1694 solitofinem
492 1642 643 1710 imposuere
657 1641 747 1704 labori,

110 1709 286 1762 Transierant
298 1709 332 1762 ad
345 1727 413 1778 opus
424 1710 523 1763 nitidae
540 1711 659 1779 juvenile
672 1709 829 1780 palaestrae,

111 1779 150 1831 Et
167 1777 224 1846 jaru
237 1778 402 1831 contulerant
414 1788 470 1831 arto
483 1779 611 1832 luctantia
623 1796 695 1832 nexu

112 1848 228 1900 Pectora
240 1848 400 1917 pectoribus,
415 1867 477 1901 cum
491 1857 563 1901 tento
576 1849 679 1900 concita
691 1865 780 1915 nervo,

111 1917 188 1969 Sicut
201 1926 275 1969 erant
291 1917 385 1987 juncti,
400 1918 503 1987 trajecit
516 1927 660 1987 utrumque
674 1918 779 1986 sagitta.

110 1986 275 2053 Ingemuere
287 1986 377 2055 simul,
391 1988 469 2040 simul
484 1987 725 2040 incurvatadolore
948 1991 1000 2042 245

111 2055 242 2108 Membra
254 2056 308 2108 solo
320 2073 441 2126 posuere,
456 2057 536 2109 simul
548 2074 673 2126 suprema
691 2056 814 2126 jacentes

75 2243 113 2292 lor
122 2241 167 2289 tha
179 2240 267 2289 adverb
279 2241 307 2288 of
314 2241 381 2288 time.
414 2241 461 2288 See
470 2241 503 2288 iii.
513 2244 649 2288 filu-me.
666 2241 688 2287 T
703 2243 739 2288 rio
750 2258 811 2289 srtoo.
834 2241 927 2300 Tyrion
935 2242 1002 2302 J'uica

10 2313 14 2319 '
74 2302 96 2350 is
108 2302 154 2349 the
168 2300 234 2360 juiee
244 2300 272 2347 ol
285 2301 326 2348 the
338 2301 421 2359 purple
433 2300 552 2354 shelliish,
567 2300 604 2347 sor
614 2300 656 2347 the
694 2301 774 2359 yrians
785 2315 850 2347 were
861 2299 956 2347 famous
966 2300 1003 2348 for

75 2360 146 2409 their
156 2359 240 2418 purple
251 2359 306 2419 dye.
341 2359 419 2420 Terga
434 2359 507 2420 Tyr-io
519 2361 627 2407 rubentia
638 2377 711 2415 sacm-
730 2359 783 2426 that
795 2359 823 2413 is,
835 2370 903 2426 terga
914 2374 1003 2417 purpu-

74 2421 127 2468 reis
136 2428 186 2466 stra
222 2419 251 2466 lis
260 2422 416 2466 tecta-224.
437 2419 487 2478 Qui
496 2421 686 2478 matri-fuerat,
698 2434 737 2477 qur
748 2427 806 2464 natu
816 2433 934 2465 maximus
943 2427 1002 2466 erat.

74 2481 163 2526 -225.
199 2486 273 2524 ertum
282 2480 308 2525 iro
317 2480 399 2533 orbem,
409 2478 562 2536 designatum
574 2478 598 2524 in
609 2479 785 2525 orbem-229.
802 2477 901 2537 Deficit,
910 2475 962 2523 said
973 2476 1001 2523 ol

75 2554 90 2586 a
107 2537 187 2604 dying
199 2552 284 2594 person
301 2536 400 2596 sinlring
415 2537 502 2596 slowly
514 2537 594 2584 down.
627 2536 751 2594 Similarly
763 2537 787 2583 in
800 2535 877 2594 Livyr
895 2534 1002 2582 defluere

75 2600 107 2644 ab
121 2599 282 2653 equis-230.
301 2596 421 2653 Compare
434 2597 507 2643 Hom.
520 2596 550 2643 Il.
563 2597 578 2642 i.
590 2600 627 2650 45,
638 2598 675 2642 te.
707 2596 757 2642 Per
768 2596 848 2648 inane,
859 2609 901 2661 per
912 2597 1002 2641 aerem.

76 2657 112 2704 So
125 2655 226 2703 Metam.
239 2654 268 2702 iv.
279 2658 413 2703 vta—232.
425 2654 695 2703 Pendeatr'o-corhasa.
729 2652 850 2699 Carbasus
861 2667 881 2698 rs
892 2652 1004 2713 properly

76 2731 90 2764 a
106 2714 159 2762 line
176 2712 235 2760 kind
246 2713 273 2760 of
287 2713 342 2765 llax,
356 2715 417 2760 brou
435 2714 461 2761 ht
473 2713 535 2761 from
547 2714 629 2772 Spain,
642 2711 773 2770 especially
784 2710 843 2758 used
855 2709 891 2757 for
902 2711 1003 2772 making

75 2774 155 2829 saitsr
181 2772 257 2820 hence
277 2773 335 2820 here
355 2784 398 2831 put
416 2730 453 2820 lior
473 2776 541 2821 soils.
568 2773 712 2825 Penderrtia,
725 2787 767 2839 sc.
787 2786 817 2816 ex
838 2769 958 2838 antennis,
978 2780 1003 2819 to

76 2832 162 2880 which
173 2832 215 2883 the
242 2847 306 2879 were
318 2832 435 2880 lastened.
457 2831 575 2892 Undique,
588 2841 688 2879 connect
699 2831 758 2878 wrth
770 2829 875 2877 deducit.
908 2827 1001 2888 Rector,

75 2908 111 2940 sc.
124 2891 204 2946 navis,
218 2847 267 2938 lte
279 2893 433 2950 gubernator.
466 2891 499 2938 So
511 2891 609 2939 Metam.
622 2891 646 2938 ii.
660 2893 794 2957 lili—233.
811 2889 906 2951 Neque
918 2890 1003 2950 effluat.

78 2951 147 3006 Qua.
160 2949 197 2997 lor
212 2950 292 3009 aliqua
303 2961 379 3008 parte,
393 2950 445 2997 that
461 2966 492 2998 no
508 2949 632 2997 brenthos
645 2965 679 2997 arr
696 2965 751 3009 may
764 2952 793 2997 be
805 2950 935 3009 anywhere
947 2949 1002 2998 lost.

74 3013 162 3058 -232
184 3008 215 3056 Ut
232 3019 282 3056 erat
296 3026 394 3072 pronas.
428 3009 511 3056 These
523 3008 603 3056 words
618 3008 673 3069 give
685 3010 726 3056 the
738 3025 823 3056 reason
835 3008 862 3056 os
874 3008 940 3055 what
957 3008 1001 3055 fol·

76 3068 156 3125 lows;
174 3083 201 3115 as
217 3067 248 3115 hc
260 3083 311 3116 was
326 3068 424 3126 already
436 3070 493 3115 bent
509 3067 621 3121 sorward.
635 3068 665 3115 he
682 3064 725 3115 lell
741 3084 799 3116 over
815 3068 856 3114 the
874 3067 937 3113 neck
953 3066 1001 3113 and

75 3142 151 3176 mane
173 3133 224 3186 (per
245 3127 308 3174 colla
328 3138 353 3174 et
371 3128 459 3186 jubas).
497 3127 564 3174 Colla
585 3128 697 3174 admisso.
729 3127 785 3174 The
806 3126 899 3184 epithet
921 3123 1001 3171 which

74 3187 182 3245 belongs
203 3196 227 3233 to
248 3185 290 3232 the
307 3186 386 3233 whole
409 3186 428 3233 is
450 3186 506 3233 here
546 3186 601 3232 iven
617 3195 642 3232 to
659 3185 701 3233 the
723 3197 789 3244 part:
813 3199 889 3242 equus
906 3192 942 3229 est
959 3181 999 3229 ad·

74 3247 182 3313 missum
205 3245 303 3300 thetis,
322 3245 444 3300 incitatus,
463 3260 497 3292 sc.
514 3202 544 3291 ad
561 3244 672 3291 celeriter
693 3243 843 3311 fugiendum,
872 3240 922 3288 Per
942 3238 1001 3288 here

72 3319 150 3411 a?
164 3313 460 3420 ⁰¹l2⁸⁵3nttt⁰⁰trtt
473 3306 603 3421 illita}
621 3305 773 3420 illidit
787 3299 999 3413 illidii&

72 3422 162 3470 whose
183 3421 268 3470 bodies
290 3436 353 3468 were
378 3422 493 3471 ancinted
521 3422 581 3471 with
608 3421 650 3478 cil,
674 3419 697 3468 is
719 3418 781 3466 here
806 3414 959 3464 translerreh
981 3424 1013 3463 to
1040 3419 1050 3430 ⁸

70 3480 116 3529 tlrc
137 3478 365 3538 palaestra—246.
398 3481 519 3543 Supremo
552 3484 657 3540 lumino,
686 3477 856 3530 moribundos
884 3474 1027 3524 ocutos.-
