2108 3728
384 188 506 230 uersu.
528 189 589 231 ms.
612 189 660 232 111.
939 173 978 231 68

131 297 176 349 Nor
185 298 221 351 ubi
232 307 368 352 consumta
379 302 555 352 est-Aurora
569 301 711 354 rubescere
724 303 840 371 primum
927 304 978 354 600

130 367 383 436 Coeperat-exsurgo,
398 369 542 437 laticesque
555 371 651 422 inferre
665 382 788 422 recentes

127 436 245 507 Adnoneo,
259 447 428 505 monstroque
440 440 513 490 viam
525 456 592 506 quae
605 439 686 492 ducat
698 440 731 491 ad
747 439 840 492 undas.

125 505 177 574 lpse,
188 509 244 575 qnid
257 525 321 559 aura
334 506 400 559 mihi
413 506 514 559 tumulo
528 509 661 576 promittat
674 511 708 562 ab
721 508 774 560 alto

123 573 240 645 Prospicio,
253 577 418 645 comitesque
431 593 495 627 voco
509 588 652 645 repetoque
665 579 791 630 carinam.

123 645 251 700 ‘Adeamus
263 664 296 698 ea
307 644 324 697 l'
339 646 424 712 inquit
437 646 567 698 sociorum
580 649 681 714 primus
692 647 829 716 Opheltes,
930 649 979 698 605

120 711 191 782 thue
202 725 281 784 putat,
296 713 422 783 praedam
436 714 542 766 deserto
555 725 648 767 nactus
660 718 685 768 in
698 733 768 785 agro,

117 781 223 850 Virginea
235 801 349 853 puerum
362 782 436 835 ducit
449 801 496 852 per
508 784 582 836 litora
596 785 688 837 forma.

113 851 161 913 Ille,
172 871 241 905 mero
254 868 404 920 somnoque
416 853 511 920 gravis,
526 852 640 906 titubare
653 855 765 923 videtur,

112 921 202 989 Vixque
215 923 300 990 sequi.
338 922 432 989 Specto
445 921 546 974 cultum
560 921 714 992 faciemque
726 922 908 992 gradumque:

109 990 148 1042 Nil
158 991 200 1054 ibi,
213 990 283 1060 quod
297 990 371 1042 credi
385 999 473 1058 posset
485 992 604 1058 mortale,
618 992 762 1058 videbam,
929 995 979 1042 oto

107 1060 137 1110 Et
148 1061 265 1121 sensnm
278 1058 333 1111 dixi
346 1059 440 1111 sociis:
463 1059 553 1116 ‘Quod
566 1077 666 1112 numen
682 1063 707 1112 in
720 1062 770 1112 isto

105 1128 210 1197 Corpore
222 1131 264 1198 sit,
278 1129 384 1196 dubito,
405 1127 452 1179 sed
466 1144 573 1196 corpore
586 1147 685 1181 numen
699 1131 724 1182 in
738 1130 787 1181 isto
801 1137 850 1180 est.

103 1197 225 1266 Quisquis
237 1216 274 1267 es,
288 1215 303 1250 o
316 1197 410 1249 faveas
422 1198 570 1264 nostrisque
583 1197 718 1251 laboribus
730 1198 803 1249 adsis
810 1214 817 1264 3

101 1267 145 1318 His
157 1284 262 1336 quoqne
275 1267 325 1319 des
337 1267 445 1319 vertiam
456 1265 518 1318 !⁷-‘
528 1267 576 1318 Pro
589 1267 665 1318 nobis
677 1268 754 1319 mitte
768 1266 869 1335 precari
879 1266 897 1319 l'

99 1336 189 1404 Dictys
201 1338 245 1403 ait,
259 1353 312 1405 qno
325 1352 375 1387 non
388 1335 456 1386 alius
468 1336 648 1389 conscendere
662 1353 782 1388 summas
929 1339 980 1386 615

99 1405 173 1457 Ocior
185 1415 323 1472 antennas,
337 1420 485 1472 prensoque
498 1403 609 1456 rudente
623 1405 712 1457 relabi.

98 1475 153 1526 Hoc
166 1474 258 1542 Libys,
273 1473 324 1525 hoc
336 1474 430 1539 flavus,
444 1489 537 1540 prorae
550 1474 640 1541 tutela,
655 1473 820 1540 Melanthus,

98 1543 154 1594 Hoc
166 1542 259 1610 probat
271 1541 431 1595 Alcimedon
444 1551 478 1605 et,
492 1543 536 1610 qui
552 1545 725 1611 requiemque
738 1541 903 1609 modumque

97 1612 169 1662 Voce
182 1612 263 1663 dabat
276 1612 365 1679 remis,
379 1611 527 1662 animorum
541 1611 657 1664 hortatur
671 1613 803 1678 Epopeus,

97 1681 153 1731 Hoc
166 1697 261 1732 omnes
272 1681 326 1732 alii.
364 1679 482 1731 Praedae
495 1690 548 1731 tem
563 1697 645 1732 caeca
659 1681 754 1747 cupido
767 1688 816 1731 est.
930 1684 981 1731 620

99 1751 173 1800 ‘Non
186 1759 278 1801 tamen
292 1750 362 1800 hanc
375 1765 447 1799 sacro
462 1749 552 1800 violari
567 1749 682 1816 pondere
696 1750 789 1816 pinum

97 1819 240 1886 Perpetiar'
255 1819 326 1870 dixi:
348 1820 424 1885 ‘pars
436 1817 480 1869 hio
493 1817 560 1869 mihi
572 1819 692 1870 maxima
703 1817 786 1885 juris.²

96 1887 180 1955 laque
192 1887 268 1939 aditu
280 1887 387 1938 obsisto.
425 1885 498 1938 Furit
512 1886 708 1938 audacissimus
720 1887 791 1938 omni

96 1956 135 2007 De
148 1972 260 2007 numero
273 1955 403 2023 Lycabas,
417 1956 463 2023 qui
476 1956 566 2006 Tusca
579 1955 670 2022 pulsus
681 1955 716 2008 ab
728 1956 794 2008 urbe

96 2025 228 2076 Exsilium
243 2024 300 2076 dira
312 2040 425 2092 poenam
438 2041 484 2091 pro
496 2023 581 2075 caede
593 2023 694 2077 luebat.
930 2029 981 2076 625

96 2094 121 2144 ls
133 2093 210 2162 mihi,
224 2093 291 2145 dum
303 2103 381 2159 resto,
394 2092 506 2161 juvenili
518 2101 626 2159 guttura
639 2110 726 2161 pugno

95 2163 192 2232 Rupit,
211 2171 238 2214 et
252 2179 397 2215 excussum
410 2162 526 2214 misisset
539 2161 566 2212 in
579 2178 702 2232 aequora,
716 2164 737 2215 si
751 2180 803 2216 non

95 2231 261 2297 Haesissem,
275 2231 400 2299 quamvis
411 2247 514 2300 amens,
528 2230 553 2282 in
568 2231 632 2282 fune
645 2241 771 2284 retentus.

96 2301 182 2369 lmpia
195 2301 273 2352 turba
285 2300 376 2368 probat
389 2299 500 2352 sactum.
539 2301 608 2350 Tum
621 2299 736 2368 denique
749 2301 908 2353 Bacchus—

96 2369 220 2421 Bacchus
232 2369 304 2420 enim
318 2368 523 2420 fuerat-veluti
536 2369 652 2421 clamore
665 2371 767 2422 solutus
930 2372 981 2420 630

96 2437 133 2504 Sit
146 2454 223 2506 sopor
236 2454 307 2506 aque
320 2454 392 2489 mero
406 2437 516 2490 redeant
530 2437 554 2489 in
569 2447 675 2506 pectora
688 2456 789 2504 sensus,

65 2535 169 2581 sonitum
186 2533 222 2581 for
239 2534 328 2580 sonuit.
362 2533 481 2592 Compare
499 2535 586 2588 below,
600 2551 622 2581 v.
634 2538 786 2581 oea—602.
799 2535 840 2581 Aa
851 2536 938 2586 cados,
956 2542 982 2579 to

66 2591 104 2638 the
115 2592 332 2642 soumarias-603.
349 2592 419 2639 Join:
439 2593 494 2651 lpse
512 2593 630 2652 prospicio
643 2593 736 2639 tumulo
748 2595 777 2638 ab
790 2592 839 2638 alto
851 2591 911 2647 quid
924 2606 983 2637 aura

66 2651 121 2698 mihi
130 2652 348 2710 promittat-609.
359 2651 463 2706 Cultum,
473 2652 682 2698 vestitum-612.
693 2650 787 2702 Dubito,
800 2650 905 2695 incertus
915 2664 979 2703 snm,

66 2710 168 2757 nondum
180 2710 241 2757 mihi
257 2719 359 2756 constat.
369 2713 457 2757 -614,
469 2710 552 2760 Mitte.
566 2711 667 2764 omitte;
680 2724 707 2754 as
718 2724 740 2754 v.
753 2712 814 2755 570:
828 2708 983 2752 tenebant.-

66 2771 113 2816 615.
126 2769 287 2816 Conscendere
299 2767 379 2824 Ocior,
392 2768 475 2815 Greek
484 2769 647 2816 construction
660 2765 687 2812 os
695 2766 735 2814 the
746 2766 863 2825 adjective
871 2765 931 2812 with
941 2766 982 2814 the

67 2827 189 2882 infinitive,
202 2827 296 2874 instead
307 2826 335 2873 os
343 2827 402 2874 with
414 2828 454 2875 the
460 2827 614 2932 ,preposition
625 2826 671 2873 and
683 2825 783 2884 gerund.
792 2829 881 2874 -617,
892 2825 984 2873 Procae

66 2890 145 2940 tutela,
158 2886 216 2932 who
226 2886 271 2932 has
288 2885 328 2932 the
341 2886 428 2945 charge
445 2902 459 2933 ο
484 2887 525 2933 the
537 2886 654 2944 sore-part
666 2885 692 2932 ol'
706 2886 746 2932 the
762 2884 918 2944 strip-618.
935 2884 984 2946 Qui

66 2948 210 3005 requiemque
219 2948 357 3004 modumque
373 2944 432 2992 Voce
441 2948 510 2992 dabat
522 2947 600 2999 remis,
614 2944 669 2990 who
681 2946 713 3003 by
724 2945 762 2991 his
774 2945 842 2992 voice
855 2945 983 3004 appointed

66 3016 110 3051 rest
123 3011 216 3062 (pause)
227 3004 274 3050 and
286 3019 396 3051 measure
408 3013 433 3050 to
444 3004 485 3050 the
498 3019 597 3058 rowers,
610 3014 635 3049 to
646 3004 730 3050 whose
744 3005 886 3052 commands
901 3005 919 3051 it
931 3019 982 3050 was

66 3077 193 3121 necessary
206 3063 243 3109 for
259 3062 300 3108 the
317 3077 408 3109 rowers
424 3072 448 3108 to
465 3077 511 3120 pay
527 3062 654 3116 attention,
673 3072 697 3109 to
714 3079 799 3110 secure
816 3063 948 3123 regularity
959 3061 983 3106 in

65 3121 125 3169 their
134 3122 249 3169 motions.
272 3121 310 3167 He
320 3122 340 3167 is
351 3120 427 3167 called
438 3121 488 3167 also
497 3122 629 3167 animorum
637 3125 751 3177 hortator,
763 3125 867 3169 because
879 3122 909 3167 he
921 3120 980 3178 lihe7

66 3181 121 3227 wisc
133 3180 223 3228 roused
235 3179 298 3226 their
309 3195 412 3237 conrage
424 3181 456 3237 by
465 3179 561 3237 singing
573 3184 742 3231 (vocet—621.
755 3180 812 3228 Non
824 3191 981 3235 tamea-per·

67 3242 153 3305 patior.
188 3238 243 3285 The
263 3238 317 3295 slrip
336 3236 418 3284 would
435 3240 464 3284 be
482 3236 587 3284 violated
606 3249 646 3284 not
665 3240 697 3296 by
714 3239 755 3284 the
775 3237 860 3284 sacred
878 3233 982 3280 burthen

65 3297 136 3353 rtself,
155 3299 198 3345 bnt
216 3299 249 3355 by
266 3297 306 3343 the
321 3299 399 3343 abuse
415 3296 443 3343 ol
455 3297 576 3343 it.—627.
590 3297 675 3356 Rapit,
694 3311 805 3352 rumpere
821 3300 920 3357 conatus
936 3298 981 3335 est.

64 3354 205 3408 Eamasnm
220 3372 254 3402 sc.
266 3371 335 3402 nave.
358 3356 388 3400 Si
398 3372 454 3407 raon,
468 3355 525 3400 here
536 3356 673 3412 eqnivalcnt
688 3366 711 3398 to
723 3353 776 3398 nisi.
809 3350 871 3414 This
883 3363 980 3414 etpres-

65 3415 116 3462 sion
128 3415 212 3462 would
223 3415 253 3461 be
265 3412 431 3460 inadmissible
446 3412 752 3470 inprose.-628.A1nens,
765 3405 888 3463 stuprasti,
902 3421 981 3453 insen·

63 3473 212 3522 able-631.
221 3472 293 3529 Aque
300 3488 370 3525 mero,
382 3481 439 3530 post
456 3486 552 3520 merum
569 3470 702 3531 digestum.
734 3466 758 3513 A
772 3479 827 3514 rare
839 3478 887 3513 use
901 3464 929 3515 ol
938 3465 985 3514 the
