2108 3728
396 198 518 242 amanus.
540 201 601 242 nra.
623 201 644 242 1.
936 183 976 242 al

130 305 192 363 Verba
201 310 277 364 datae
289 311 367 364 sortis
379 327 471 363 secum
485 312 554 363 inter
565 327 649 380 seque
661 310 795 365 volutant:

126 375 173 430 lade
183 380 378 434 Promethiades
390 380 503 448 placidis
515 379 688 448 Epimethida
700 380 781 434 dictis
928 382 980 432 390

124 445 204 502 Mulcet
215 459 241 502 et
255 452 325 502 ‘Aut
338 449 428 501 lallax'
442 449 480 501 ait
494 451 550 502 ‘est
563 448 679 502 sollertia
692 450 776 511 nobis,

123 517 160 570 Aut
169 521 208 588 pia
219 527 280 571 sunt
293 517 451 586 nullumque
464 517 540 570 nefas
551 519 659 570 oracula
670 518 793 571 suadent.

121 584 200 655 Magna
211 605 307 658 parens
320 598 388 639 terra
401 597 449 647 est,
462 587 566 656 lapides
578 588 605 639 in
617 604 726 656 corpore
738 597 824 640 terrae

120 655 167 708 Ossa
178 675 233 709 reor
244 657 315 708 dici:
334 656 422 723 jacere
435 656 484 708 hos
495 665 554 726 post
566 664 640 724 terga
651 655 795 725 jubemur.²

118 725 222 795 conjugis
233 725 344 793 augurio
356 742 510 794 quanquam
522 726 626 777 Titania
639 735 711 777 mota
724 735 772 795 est,
931 729 981 780 395

116 792 166 861 Spes
178 805 268 848 tamen
281 797 307 846 in
319 794 401 846 dubio
414 804 469 846 est:
489 794 558 846 adeo
570 794 731 847 coelestibus
743 795 823 849 ambo

114 861 229 917 Diffiduut
243 864 351 916 monitis
358 881 366 931 3
385 863 433 915 sed
446 863 509 932 quid
522 871 625 915 tentare
637 864 764 916 nocebit?

112 932 253 999 Discedunt,
266 931 411 1000 velantque
423 940 504 1000 caput
516 932 673 1000 tunicasque
686 933 832 1001 recingunt,

111 1000 136 1053 Et
145 1002 231 1070 jussos
244 1001 348 1068 lapides
361 1018 410 1052 sua
422 1010 481 1068 post
495 1001 607 1067 vestigia
619 1001 736 1053 mittunt.

110 1069 264 1140 Saxa-quis
277 1070 327 1121 hoo
339 1069 438 1137 credat,
452 1069 502 1121 nisi
514 1069 547 1120 sit
560 1086 606 1137 pro
619 1079 687 1120 teste
700 1071 876 1124 vetustasl-
931 1076 982 1125 400

104 1125 199 1192 'Ponere
212 1137 341 1192 duritiem
353 1155 466 1206 coepere
479 1155 611 1206 suumque
625 1138 746 1207 rigorem,

107 1207 252 1278 Mollirique
265 1223 340 1259 mora
352 1207 507 1276 mollitaque
520 1207 618 1258 ducere
632 1207 754 1260 sormam.

106 1276 170 1345 hlox,
185 1277 233 1331 ubi
244 1286 385 1328 creverunt
397 1285 544 1343 naturaque
557 1275 646 1327 mitior
658 1276 709 1328 illis

106 1346 223 1414 Contigit,
238 1353 267 1397 ut
279 1345 413 1412 quaedam
426 1345 464 1396 sio
476 1361 528 1396 non
540 1345 682 1397 manifesta
694 1345 778 1398 videri

106 1413 196 1468 Forma
208 1422 297 1484 polest
309 1413 433 1473 hominis,
447 1413 503 1481 sed,
517 1413 554 1465 uti
567 1413 601 1465 de
614 1430 746 1466 marmore
759 1421 861 1485 coepta,
931 1420 982 1468 400

141 1503 157 1536 n
171 1491 268 1536 exacta
281 1483 345 1534 satis
358 1482 520 1550 rudibusque
532 1481 670 1534 simillima
682 1478 787 1563 signisj'

105 1551 173 1609 Quae
187 1562 280 1606 tamen
292 1569 327 1604 ex
337 1552 389 1603 illis
401 1551 491 1618 aliquo
504 1567 564 1618 pars
576 1550 688 1602 humida
700 1566 771 1620 suco,

105 1621 133 1674 Et
145 1631 253 1675 terrena
266 1619 326 1683 suit,
337 1637 415 1672 versa
427 1628 468 1671 est
481 1619 504 1671 in
519 1619 633 1687 corporis
646 1634 740 1686 usum;

105 1689 174 1747 Quod
188 1690 305 1743 solidum
318 1699 358 1741 est
370 1689 497 1757 flectique
510 1689 611 1757 nequit,
626 1696 742 1739 mutatur
754 1687 780 1740 in
794 1703 871 1758 ossa;

105 1758 174 1816 Quae
186 1759 267 1812 modo
279 1774 349 1810 vena
361 1757 419 1826 fuit,
434 1757 484 1809 sub
496 1757 593 1809 eodem
605 1758 712 1808 nomine
725 1758 832 1811 mansit.
932 1764 985 1813 410

104 1827 182 1897 loque
194 1828 270 1882 brevi
283 1827 368 1895 spatio
380 1843 535 1894 superorum
550 1826 659 1877 numine
672 1843 737 1878 saxa

104 1895 186 1950 Missa
198 1897 249 1950 viri
262 1895 386 1949 manibus
398 1895 495 1946 faciem
509 1903 612 1946 traxere
624 1895 749 1964 virorum,

104 1965 134 2018 Et
146 1967 180 2019 de
193 1965 312 2018 femineo
325 1972 446 2032 reparata
458 1971 499 2015 est
512 1962 613 2015 semiue
625 1963 706 2032 jactu.

104 2032 165 2086 lude
176 2051 265 2102 genus
276 2033 374 2086 durum
386 2050 480 2085 sumus
492 2033 686 2101 experiensque
699 2032 830 2097 laborum,

104 2101 134 2155 Et
146 2103 311 2155 documenta
323 2102 427 2168 damus,
441 2119 493 2170 qua
506 2103 591 2165 simus
603 2104 704 2170 origine
716 2103 778 2156 nati.
933 2109 984 2158 415

76 2233 190 2293 matioally
200 2232 278 2280 either
289 2242 315 2278 to
326 2232 395 2279 datae
407 2240 470 2278 orto
482 2232 592 2280 obscura.
623 2231 653 2279 In
665 2233 705 2280 the
717 2232 805 2281 former
816 2249 872 2281 ease
887 2234 905 2280 it
922 2233 943 2281 is
959 2242 984 2281 to

76 2289 100 2338 bs
110 2291 255 2340 understood
267 2289 475 2358 literally—giveu
487 2290 512 2336 in
523 2290 564 2358 the
580 2291 641 2338 dark
657 2306 731 2348 cave;
750 2292 773 2339 in
785 2292 826 2338 the
840 2292 912 2339 latter
922 2291 984 2397 sipu-

75 2350 151 2410 tately,
160 2350 197 2398 sor
205 2351 310 2398 obscura
317 2351 387 2395 amba
406 2350 469 2404 rbus,
479 2364 505 2395 as
514 2348 601 2396 Cicero
610 2366 666 2410 says
674 2350 702 2397 of
709 2351 750 2397 the
761 2350 880 2410 Sibyllina
889 2352 936 2397 boo
955 2367 982 2398 s:

74 2407 175 2457 adhibuit
185 2408 297 2467 (Sibylla)
307 2408 381 2454 etiam
388 2365 508 2454 latebram
518 2409 673 2457 obscuritatis
684 2408 729 2463 (De
736 2409 820 2457 Dicin.
830 2409 853 2457 ii.
864 2411 911 2462 54).
929 2408 985 2456 The

25 2518 27 2527 Ι
74 2463 138 2514 latter
148 2467 303 2526 explanation
314 2481 395 2514 seems
411 2465 553 2524 preferable,
567 2482 598 2514 on
609 2478 710 2516 account
722 2467 750 2515 ol
762 2468 803 2515 the
815 2477 985 2528 arrangement

25 2574 27 2593 Ι
73 2524 97 2571 ol
107 2525 147 2573 the
158 2525 248 2580 words,
261 2525 342 2573 which
359 2525 379 2571 is
395 2524 454 2572 then
470 2539 528 2584 easy
540 2525 586 2572 and
598 2527 783 2574 natural-391.
799 2527 939 2586 Autsalloa
950 2535 984 2574 est

72 2586 172 2632 solimis
191 2586 266 2632 nobis.
295 2583 376 2630 Nobis
394 2582 431 2630 lor
450 2584 523 2640 mihi3
547 2583 664 2640 sollertia,
685 2585 804 2643 sagacity,
824 2585 983 2641 penetration.

72 2640 152 2691 Either
166 2659 209 2702 my
221 2642 331 2701 sagacity
342 2642 454 2690 deceives
470 2658 518 2698 me,
532 2645 641 2689 or-395.
654 2643 775 2700 Auguria,
789 2641 985 2698 interpretatione

72 2701 166 2750 oraculi.
197 2701 305 2756 Titania,
319 2701 376 2748 both
390 2701 552 2748 Prometheus
568 2698 615 2746 and
627 2698 788 2757 Epimetheus
799 2713 865 2746 were
881 2714 939 2746 sons
955 2701 983 2748 of

71 2759 108 2808 the
119 2761 195 2809 Titan
206 2760 222 2808 J
224 2770 318 2818 apetus.
326 2762 416 2808 -399,
432 2759 484 2806 Sco
492 2769 546 2822 post
558 2759 669 2819 vestigia,
683 2768 737 2816 post
750 2767 818 2818 terga
833 2773 885 2806 sua.
893 2762 982 2810 -400,

70 2818 100 2866 So
108 2819 177 2869 Fost.
186 2820 218 2867 iv.
228 2822 285 2865 203:
304 2819 352 2866 Pro
361 2833 449 2878 magno
459 2829 521 2865 teste
528 2827 639 2865 vetustas
650 2817 855 2867 Creditus—402.
868 2818 950 2878 Mora,
961 2821 987 2869 in

70 2878 133 2934 time,
146 2877 283 2939 gradually,
301 2893 324 2925 v.
336 2880 394 2924 421:
412 2877 535 2925 morando.
566 2877 781 2925 cretumviller:
803 2877 818 2926 J
820 2894 859 2926 am
878 2895 908 2928 ue
918 2899 984 2928 moro

69 2937 123 2985 belli
138 2952 267 2997 procerum
286 2951 382 2994 quoque
398 2937 497 2983 nomina
512 2945 588 2982 norat.
619 2936 710 2985 Ducere
718 2939 831 2998 sormam,
850 2938 867 2986 li
886 2955 899 2986 e
916 2940 985 2988 indu·

68 3010 119 3044 aare
127 3012 134 3054 ;
152 2995 273 3054 similarly
284 2994 434 3049 afterwards,
447 2995 541 3041 trahere
552 2994 648 3050 faeiem,
661 2997 796 3044 lla-404.
815 2996 919 3046 Ut-sic.
938 2998 986 3045 Sea

68 3055 150 3111 above,
164 3065 232 3110 note,
245 3070 268 3101 v.
278 3057 413 3102 370-406.
428 3053 528 3108 Exacto,
541 3052 678 3110 elaborata,
693 3057 769 3117 signis
777 3072 788 3111 ;
804 3057 985 3105 statuis-408.

71 3111 145 3162 Verso
153 3122 189 3162 ast
201 3115 228 3160 in
239 3113 342 3173 corporis
352 3129 428 3160 usum.
453 3111 548 3169 Corpus
560 3112 580 3158 is
592 3111 649 3159 here
658 3113 730 3170 flesh,
741 3131 768 3162 as
779 3116 810 3162 iv.
820 3118 880 3164 443:
899 3115 986 3162 Errant

66 3187 204 3280 exsanguep
216 3171 269 3276 sllpe
280 3187 373 3277 Ἤδη
376 3180 407 3275 1est
418 3170 515 3275 ossiplpes
527 3172 631 3276 prnlprae
639 3172 690 3277 {hin
701 3174 807 3278 cprporis
819 3183 941 3276 qslqmFtoc
947 3172 987 3274 {tati

64 3246 106 3280 ose
140 3248 169 3280 as
204 3245 296 3277 es.-
349 3265 354 3275 .
398 3246 451 3284 eno,
543 3245 565 3275 er
599 3245 624 3276 in
667 3247 818 3279 escue-
871 3246 950 3275 ,αι

64 3298 157 3339 trusere
165 3292 282 3342 virorum,
293 3287 326 3335 iii.
336 3290 395 3334 399:
416 3287 481 3334 Ossa
491 3287 571 3334 serunt
582 3287 668 3346 lapidis
680 3292 783 3336 traciana
792 3287 985 3344 figuram-414.

63 3347 123 3398 lade
135 3363 219 3412 genus
235 3349 323 3392 durum
336 3361 428 3402 sumas,
447 3361 461 3392 a
476 3345 568 3393 similar
584 3346 725 3412 conclusion
740 3356 765 3391 to
780 3343 984 3408 thatim-162:

63 3407 144 3459 Scires
164 3423 180 3456 e
202 3405 322 3463 sanguine
341 3412 419 3452 natos.
452 3403 507 3453 The
526 3404 582 3453 idea
599 3405 627 3452 ol
644 3404 695 3452 tlus
710 3403 758 3451 last
772 3408 883 3450 areauna
898 3401 927 3452 ol
943 3401 989 3453 tha

995 3482 999 3503 l
