2108 3728
301 199 306 210 '
380 202 508 245 muhata
525 201 587 244 IrIB.
610 203 686 247 x111.

64 309 67 315 '
145 300 191 361 lose
201 327 252 364 reus
262 313 363 382 merui;
382 312 485 366 facturn
497 310 634 365 defendite
647 321 782 366 vestrum:

143 372 283 433 consensistis
295 382 378 434 enirn.
415 384 475 435 Nec
487 398 531 433 me
544 383 660 434 suasisse
674 381 786 450 negabo,

140 438 163 496 Ut
172 463 193 499 se
203 449 363 502 subtraheret
376 451 493 519 bellique
506 450 619 518 viaeque
632 450 722 519 labori,

135 506 286 587 Tentaretque
298 518 371 570 feros
384 522 474 587 requie
487 519 569 570 lenire
583 517 693 570 dolores.

131 575 207 654 Paruit,
220 596 244 638 et
257 586 332 640 vivit.
368 589 429 640 Non
441 587 508 639 haec
521 588 653 638 sententia
666 596 770 639 tantum

125 644 181 704 Fida
191 655 235 707 sed
248 664 274 707 et
287 655 363 715 felix,
376 672 437 708 cum
452 657 485 708 sit
498 657 562 708 satis
574 672 633 706 esse
647 656 765 707 fidelem.

124 717 197 776 Quem
209 724 335 792 quoniam
347 734 424 777 vates
435 724 551 777 delenda
562 723 596 775 ad
610 724 739 791 Pergama
752 730 871 793 poscunt,

117 783 158 840 lte
167 791 288 844 mandate
300 793 386 861 mihi3
403 793 501 845 melius
512 793 686 844 Telamonius
698 792 754 854 ibit,

117 853 148 909 El
178 861 274 929 uiaque
286 861 374 913 virum
386 861 486 915 morbis
498 861 590 928 iraque
604 860 737 912 furentem

117 923 165 978 Mol
175 929 218 998 iet,
231 937 278 981 aut
289 929 381 997 aliqua
413 929 520 982 reducet
533 928 647 980 callidus
658 937 724 980 arte.

118 997 176 1048 Ante
188 1006 257 1049 retro
268 997 367 1049 Simois
399 1006 444 1050 net
457 1007 484 1050 et
497 997 554 1048 sine
567 997 705 1048 frondibus
717 997 763 1048 lde
843 1003 860 1037 2

116 1061 196 1133 Stabit,
210 1073 237 1117 et
250 1066 381 1118 auxilium
393 1067 528 1135 promittet
541 1065 645 1118 Achaia
657 1064 759 1133 Trojae,

115 1130 199 1200 Quam,
213 1143 338 1186 cessante
351 1151 412 1187 meo
424 1151 470 1203 pro
483 1135 580 1186 vestris
592 1143 699 1202 pectore
712 1132 800 1202 rebus,

113 1200 196 1268 Ajacis
208 1201 298 1254 stolidi
311 1203 411 1254 Danais
423 1203 540 1255 sollertia
553 1201 651 1271 prosit!

112 1267 145 1320 Sis
156 1269 219 1322 licet
232 1270 348 1323 infestus
360 1272 439 1323 sociis
451 1273 559 1340 regique
573 1271 700 1339 mihique,

111 1336 174 1390 Dure
189 1339 355 1406 Philoctete3
373 1339 436 1392 lieet
449 1356 588 1392 exsecrere
601 1355 747 1407 meumque

110 1403 246 1459 Devoveas
258 1408 316 1460 sine
328 1408 382 1460 fine
395 1419 481 1477 caput,
496 1408 643 1476 cupiasque
655 1407 755 1460 dolenti

112 1473 153 1526 Me
164 1475 215 1528 tibi
228 1475 297 1528 forte
309 1475 365 1528 dari
379 1487 551 1545 nostrumque
563 1476 668 1528 haurire
680 1491 818 1528 eruorem:

111 1542 143 1594 Te
155 1553 249 1596 tamen
261 1545 400 1612 aggrediar
412 1561 574 1613 mecumque
586 1545 713 1596 reducere
726 1543 801 1611 nitar,

109 1610 225 1680 Tamque
240 1614 293 1664 tuis
305 1613 514 1680 potiar-faveat
528 1612 805 1680 Fortunal-sagittis,

111 1678 192 1738 Quam
206 1698 268 1733 sum
282 1682 422 1750 Dardanio,
436 1699 517 1750 quem
532 1682 598 1749 cepi,
612 1691 674 1733 vate
686 1681 792 1750 potitus,

110 1747 189 1804 Quam
205 1766 331 1817 responsa
343 1750 425 1803 deum
437 1751 605 1819 Trojanaque
618 1750 674 1801 fata
686 1750 779 1810 retexi,

109 1817 188 1873 Quam
204 1819 280 1886 rapui
295 1819 427 1888 Phrygiae
440 1820 546 1886 signum
558 1819 694 1887 penetrale
707 1818 848 1869 Minervae

109 1883 231 1939 Hostibus
244 1903 259 1938 e
272 1887 370 1938 mediis
379 1896 450 1939 :-et
463 1905 492 1938 se
505 1888 571 1940 mihi
584 1894 720 1956 comparat
733 1885 821 1954 Ajaxl

109 1953 208 2023 Nempe
222 1955 281 2022 capi
295 1955 401 2023 Trojam
414 1956 590 2024 prohibebant
604 1956 658 2007 fata
671 1955 728 2007 sine
741 1955 799 2006 illo:

109 2019 188 2074 Fortis
200 2023 247 2076 ubi
261 2032 302 2076 est
315 2023 404 2091 Ajaxl
423 2025 467 2076 ubi
481 2033 540 2076 surrt
553 2025 671 2091 ingentia
683 2024 774 2091 magni

109 2088 191 2144 Verba
204 2092 274 2143 viril
305 2093 358 2143 Cur
370 2092 415 2144 hic
426 2093 544 2145 metuisl
564 2110 611 2144 cur
623 2093 705 2144 audet
716 2094 810 2146 Ulixes

109 2157 142 2210 lte
155 2177 203 2228 per
216 2160 345 2212 excubias
357 2171 384 2212 et
396 2178 425 2213 se
438 2162 606 2213 committere
619 2160 699 2227 nocti,

110 2225 205 2296 Perque
219 2228 291 2279 feros
303 2245 382 2280 enses
394 2246 446 2282 nou
458 2240 563 2282 tanturn
575 2231 682 2282 moenia
693 2229 801 2298 Troum,

109 2293 201 2348 Verum
217 2297 299 2349 etiam
313 2314 435 2350 summas
446 2315 522 2351 arces
534 2299 637 2364 intrare,
652 2314 754 2365 atraque

109 2362 211 2434 Eripere
225 2364 294 2416 aede
307 2365 386 2417 deam
400 2377 557 2435 raptamque
570 2367 665 2418 afferre
679 2383 725 2434 per
737 2364 846 2416 hostes?

27 2478 29 2495 ,
108 2430 176 2487 Quae
189 2433 241 2485 rrisi
255 2433 389 2502 fecissem,
403 2434 500 2487 frustra
512 2435 659 2487 Telamone
672 2440 778 2485 creatus
936 2434 985 2481 345

108 2499 241 2553 Gestasset
254 2502 331 2553 laeva
344 2511 476 2555 taurorum
491 2512 593 2571 tergora
605 2512 720 2571 septem.

81 2609 131 2668 hat,
144 2615 203 2674 they
215 2629 279 2661 were
292 2614 339 2661 laid
350 2631 412 2674 open
423 2616 505 2664 before
517 2633 577 2676 your
587 2633 646 2676 eyes
657 2618 690 2675 by
701 2616 742 2662 the
754 2614 818 2674 gold.
826 2615 913 2659 -314,
924 2612 987 2660 Essa

80 2684 123 2718 rear
133 2674 216 2726 merui,
231 2673 308 2719 merui
318 2684 345 2720 ut
361 2690 416 2722 reus
427 2679 611 2722 essem-319.
619 2675 821 2733 Fido-fidelem,
835 2669 893 2716 both
905 2670 985 2718 words

78 2741 110 2774 are
120 2730 178 2778 used
191 2730 295 2777 without
311 2733 462 2788 perceivable
474 2733 622 2780 distinction.
630 2735 718 2778 -sat
730 2731 822 2778 Melias
835 2729 985 2776 Telamonius

77 2786 119 2841 dot,
129 2789 218 2836 melius
229 2789 275 2834 erit
287 2804 361 2846 quum
373 2790 533 2838 Telamonius
544 2792 596 2839 ibit.
622 2791 655 2838 So
665 2791 764 2838 Metam.
774 2789 821 2835 xiv.
832 2791 875 2835 28:
895 2787 985 2835 Melius

75 2858 196 2902 sequerere
208 2846 433 2895 volentem-326.
444 2850 548 2904 Pectore,
559 2850 583 2896 in
595 2849 722 2896 antithesis
735 2858 760 2894 to
769 2847 852 2907 Ajoeir
864 2850 986 2895 stolidi.-

74 2903 120 2950 334.
132 2903 258 2952 Dardanio
273 2915 333 2960 cate,
350 2906 452 2953 Heleno.
483 2907 531 2954 See
542 2923 565 2954 v.
577 2911 614 2955 99.
622 2910 711 2955 -337.
721 2906 764 2962 Et,
778 2909 862 2954 and·
870 2906 984 2954 notwith-

71 2961 161 3008 standin
191 2961 223 3009 all
235 2962 304 3009 these
316 2964 505 3024 actions—Ajax
516 2981 560 3012 can
572 2981 683 3025 compare
695 2964 797 3013 himself
809 2976 835 3013 to
846 2967 900 3013 me!
929 2965 985 3012 The

70 3017 155 3067 forceo
176 3020 218 3067 the
226 3021 327 3086 particle
337 3022 357 3068 is
369 3022 493 3069 increased
504 3025 536 3082 by
545 3022 587 3069 the
596 3024 780 3078 circumstance,
791 3024 843 3070 that
855 3024 896 3070 the
907 3021 985 3068 whole

69 3075 148 3124 clause
168 3078 188 3125 is
207 3093 280 3136 given
297 3079 321 3125 in
340 3095 354 3126 a
373 3079 628 3137 parenthesis-338.
640 3081 730 3142 Nempe
746 3082 885 3129 introduces
904 3094 917 3123 a
937 3077 985 3123 fact

67 3133 156 3182 known
166 3145 191 3182 to
201 3150 275 3194 every
281 3151 336 3191 one,
347 3138 394 3184 and
405 3137 523 3184 therefore
534 3148 558 3184 to
567 3138 605 3185 his
615 3139 767 3188 rival-339.
776 3138 887 3197 Ingentia
902 3134 984 3190 Versa,

66 3207 95 3238 an
104 3193 274 3252 intentionally
282 3194 443 3253 exaggerated
452 3196 592 3252 expression
602 3197 639 3244 for
648 3197 689 3244 the
699 3195 768 3243 usual
777 3207 864 3250 magna
872 3193 986 3256 verba.—

65 3249 640 3309 343.Sammararees.equivalenttosummam
649 3268 736 3301 arcem.
762 3249 816 3296 The
828 3247 903 3304 plural
933 3261 985 3314 ryee

64 3307 107 3355 the
123 3309 266 3364 expression
282 3309 323 3355 the
340 3324 487 3366 appearance
504 3311 532 3357 of
543 3311 687 3370 generality,
700 3325 726 3355 as
742 3306 763 3352 if
775 3305 815 3370 the
832 3317 899 3348 same
916 3315 924 3348 t
944 3319 985 3364 urg

63 3364 114 3413 had
125 3364 200 3413 taken
211 3365 279 3423 place
291 3381 357 3414 more
369 3367 426 3413 than
437 3371 599 3416 once-346.
615 3367 727 3426 Tergora.
753 3361 819 3426 Thra·
827 3359 888 3406 form
900 3374 985 3410 occurs

61 3422 118 3472 first
129 3422 155 3470 in
166 3422 208 3528 tllpe
217 3433 289 3481 poeta
299 3423 329 3471 of
340 3423 382 3489 the
393 3425 525 3485 Augustan
536 3440 591 3486 age,
604 3423 652 3471 and
662 3417 802 3470 al'torwards
813 3430 837 3463 tn
848 3415 890 3463 the
901 3431 983 3477 prosa·
