2108 3728
376 187 532 233 rersnrou
552 188 616 231 mn.
637 188 659 231 1.
922 173 989 250 m

131 301 231 353 ‘Roma
243 298 401 367 reliquenda
413 307 469 351 est:
490 305 603 366 utraque
614 297 687 367 justa
699 313 773 352 mora
785 307 835 352 est.

100 371 166 422 Uxor
178 371 204 421 in
217 377 358 420 aeternum
371 367 430 419 vivo
444 365 512 418 mihi
524 367 587 418 viva
600 377 719 437 negatur,

132 439 166 491 Et
177 438 276 489 domus
288 446 315 488 et
326 436 397 488 fidae
410 434 501 487 dulcia
514 434 637 488 membra
650 434 754 504 domus,

99 507 224 575 Quosque
237 522 286 570 ego
299 503 381 557 dilexi
393 503 508 556 fraterno
521 519 594 556 more
607 503 713 556 sodales
720 520 727 567 ;

133 574 233 628 Omihi
246 573 354 625 Thesea
366 581 474 642 pectora
485 573 578 642 juncta
590 571 644 625 fide
656 571 663 625 l

101 644 169 696 Duru
183 643 255 704 licet,
267 643 429 711 amplectar:
449 658 587 710 nunquam
600 639 711 693 fortasse
724 640 817 693 licebit

133 713 260 780 Amplius
268 727 275 778 3
296 711 322 763 iu
334 710 406 763 lucro
419 719 470 772 est,
482 726 552 779 quae
565 709 643 762 datur
655 709 727 771 hora,
740 709 823 763 mihi.-

100 781 157 832 Nec
170 798 251 846 mora,
265 780 396 832 sermonis
406 779 489 831 verba
501 778 661 847 imperfecta
674 779 802 849 relinquo,

133 849 309 917 Amplectens
320 849 409 899 animo
421 848 542 916 proxima
553 863 677 914 quaeque
690 864 760 899 meo.

102 918 168 970 Dum
182 918 272 986 loquor
284 926 311 968 et
323 917 428 983 flemus,
442 915 515 968 coelo
529 915 702 968 nitidissimus
713 917 775 987 alto,

135 985 216 1039 Stella
227 987 317 1053 gravis
329 984 411 1046 nobie,
423 984 532 1036 Lucifer
544 993 617 1036 ortus
628 992 694 1035 erat.

102 1053 210 1107 Dividor
222 1053 293 1106 haud
306 1053 391 1120 aliter,
405 1053 521 1120 quamsi
534 1069 595 1104 mea
608 1052 729 1104 membra
740 1050 897 1121 relinquam,

137 1125 170 1176 Et
183 1140 244 1192 pars
255 1122 378 1190 abrumpi
391 1138 499 1191 corpore
512 1122 569 1173 visa
580 1137 641 1173 meo
654 1128 702 1172 est.
868 1119 870 1124 ’

103 1191 143 1243 Sic
156 1193 239 1244 doluit
252 1192 355 1242 Mettus
368 1199 438 1250 tunc,
452 1207 514 1241 curu
527 1190 553 1241 in
566 1188 696 1240 contraria
707 1203 799 1240 versos

136 1261 241 1314 Ultores
254 1260 346 1311 habuit
359 1259 512 1327 proditionis
524 1274 616 1326 equos.

102 1327 170 1380 Tum
183 1345 246 1380 vero
258 1328 374 1380 exoritur
386 1327 486 1379 clamor
497 1327 667 1394 gemitusque
679 1341 809 1395 meorum,

137 1398 171 1449 Et
184 1397 281 1448 feriunt
295 1405 414 1448 maestae
428 1404 534 1463 pectora
547 1394 619 1446 nuda
631 1411 739 1461 manus;

103 1464 170 1517 Turn
184 1482 245 1517 vero
258 1464 363 1532 conjux,
377 1463 497 1516 humeris
509 1463 634 1516 abeuntis
645 1462 796 1531 inhaerens,

133 1534 243 1586 Miscuit
256 1533 323 1584 haec
337 1533 452 1584 lacrimis
466 1532 548 1583 tristia
561 1530 632 1583 dicta
644 1531 714 1582 suis:

104 1601 178 1654 ‘Non
191 1610 266 1670 potes
278 1601 496 1669 avelli.-Simul,
509 1599 545 1652 ah
558 1598 638 1652 simul
652 1599 752 1651 ibimus
764 1597 781 1650 l’
795 1596 880 1666 inquit
888 1613 896 1666 3

138 1671 192 1722 ‘Te
205 1687 309 1739 sequar,
323 1679 350 1721 et
362 1669 458 1737 conjux
471 1668 570 1722 exsulis
583 1666 657 1720 exsul
671 1684 724 1719 ero.

103 1737 136 1790 Et
148 1739 214 1791 mihi
228 1740 299 1790 facta
312 1739 355 1790 via
367 1748 423 1805 est;
443 1747 469 1790 et
482 1755 526 1789 me
539 1737 611 1806 capit
622 1736 718 1789 ultima
731 1735 811 1788 tellus

136 1807 274 1860 Accedam
287 1807 415 1875 profugae
427 1806 530 1859 sarcina
543 1822 625 1873 parva
637 1807 695 1857 rati.

102 1875 140 1927 Te
151 1876 227 1945 jubet
240 1893 256 1927 a
269 1876 353 1944 patria
366 1875 504 1928 discedere
517 1874 637 1927 Caesaris
650 1875 694 1940 ira,

135 1945 183 1997 Me
197 1946 298 2014 pietas:
320 1945 406 2013 pietas
417 1945 486 1996 haec
498 1943 564 1996 mihi
577 1943 675 1995 Caesar
687 1941 755 1994 erit.²

102 2012 178 2065 Talia
190 2014 320 2073 tentabat,
333 2013 400 2066 siout
413 2020 561 2065 tentaverat
572 2019 642 2077 ante,

136 2083 242 2150 Vixque
254 2082 329 2134 dedit
342 2082 428 2134 victas
441 2081 554 2134 utilitate
566 2096 671 2133 manus.

102 2151 230 2218 Egredior
243 2151 312 2219 (sive
325 2150 391 2203 illud
405 2159 461 2202 erat
474 2150 532 2202 sine
545 2149 638 2202 funere
650 2146 725 2216 ferri)

136 2220 277 2287 Squalidus
289 2219 418 2271 immissis
431 2218 498 2270 hirta
510 2236 558 2287 per
569 2235 615 2270 ora
627 2217 719 2270 comis.

100 2286 150 2340 Illa
162 2288 252 2355 dolore
264 2305 359 2340 amens
372 2287 489 2339 tenebris
501 2294 619 2339 narratur
631 2285 730 2338 obortis

136 2355 308 2408 Semianimis
320 2356 411 2409 media
423 2355 597 2423 procubuisse
609 2354 705 2420 domo;

101 2425 189 2492 thue
203 2424 344 2477 resurrexit
357 2424 470 2475 foedatis
482 2424 591 2491 pulvere
605 2421 673 2489 turpi

136 2493 266 2559 Crinibus,
280 2501 308 2544 et
319 2492 409 2560 gelida
421 2492 543 2544 membra
555 2491 653 2543 levavit
666 2489 764 2542 humo:

101 2561 134 2614 Se
148 2563 234 2629 modo,
248 2561 368 2613 desertos
380 2560 460 2614 modo
471 2559 625 2629 deplorasse
638 2560 760 2625 Penates,
950 2559 984 2609 95

66 2730 113 2770 rna,
127 2716 220 2764 ultima.
229 2720 301 2763 -62.
318 2717 424 2821 Utrapoe
434 2733 507 2771 moro,
518 2726 620 2821 utrapue
632 2730 704 2762 causo
712 2715 882 2761 morae—66.
897 2710 985 2762 Theseo

65 2776 124 2879 pide,
138 2774 232 2842 fidelity
244 2774 356 2842 lilrethut
369 2790 383 2821 o
409 2774 522 2853 Theseus
538 2789 567 2822 an
580 2833 585 2842 ¹
597 2773 809 2842 Pirithous-369.
825 2770 875 2819 Neo
885 2789 958 2827 moro.
971 2787 986 2821 o

66 2831 984 2959 „tntl‘trtltnhtf'iMinstt}tttlrfflrdtttttugtltftl

65 2951 108 3005 bis,
121 2949 193 2997 stella
205 2965 310 3004 rmmrcu,
324 2949 404 2997 fatalis
415 2950 574 2999 nobis-75.
592 2950 696 3005 Mettus,
711 2947 731 2997 F
734 2948 832 3004 ufetius,
848 2948 889 2996 the
902 2948 985 3008 Alban

65 3008 163 3113 ppneral
180 3009 244 3064 who,
261 3009 322 3056 after
342 3023 416 3067 peuce
436 3008 482 3055 had
499 3010 562 3056 been
578 3008 712 3057 concluded
727 3009 840 3056 between
856 3007 923 3054 Alba
938 3003 984 3053 and

90 3082 154 3120 ome,
169 3078 234 3113 went
246 3082 304 3114 over
319 3075 344 3112 to
361 3065 402 3112 the
418 3067 526 3114 enemies
538 3067 566 3114 of
579 3067 666 3121 Rome,
679 3068 726 3115 und
737 3082 788 3113 was
799 3063 919 3112 therefore
930 3074 985 3111 torn

65 3124 169 3172 asunder
181 3127 213 3184 by
225 3125 315 3172 horses.
325 3126 399 3170 -83.
417 3122 450 3170 Et
462 3126 526 3176 milri,
538 3125 598 3173 mihi
609 3127 793 3185 quoque-88.
809 3122 881 3169 Dedit
890 3138 983 3180 monus,

65 3183 170 3242 yielded‚
184 3199 214 3230 an
225 3183 367 3241 expression
379 3182 503 3229 borrowed
516 3182 577 3231 from
589 3184 630 3231 the
643 3194 737 3231 custom
749 3181 777 3229 of
789 3179 829 3226 the
859 3179 981 3238 lediarors,

64 3241 128 3296 who,
145 3242 217 3288 when
234 3242 294 3299 they
310 3241 383 3288 found
400 3240 548 3288 themselves
570 3241 715 3300 conquered,
733 3238 812 3288 raised
828 3196 891 3286 their
907 3237 984 3288 hands

64 3305 159 3352 (manus
171 3300 266 3355 tollere,
281 3315 366 3347 manus
378 3299 451 3354 dure).
465 3298 511 3346 und
523 3300 618 3360 begged
627 3299 662 3346 for
677 3313 743 3345 merc
762 3299 850 3345 .—89.
868 3296 933 3352 Sive.
947 3297 981 3346 in·

63 3358 205 3418 tensifying,
217 3359 268 3405 sive
280 3358 368 3415 potius.
399 3357 479 3412 Ferri,
490 3357 579 3412 efferri,
590 3368 615 3404 to
626 3359 656 3404 be
665 3357 732 3404 burie
757 3355 859 3402 without
870 3370 885 3404 u
895 3356 982 3416 buriul,

63 3429 94 3464 un
106 3416 212 3465 Ovidiau
224 3416 441 3464 antithesis-92.
458 3416 618 3465 Semianimis.
649 3414 705 3463 Tho
714 3413 767 3463 first
782 3414 793 3463 a·
807 3424 873 3463 mtut
885 3415 917 3465 bs
926 3429 982 3477 pro·
