2108 3728
371 181 494 223 aaran.
516 182 578 223 aas.
600 181 675 225 xm.
925 166 982 227 153

104 286 158 344 Ulla
168 291 219 346 fuit
226 308 234 360 ς
253 291 359 344 decimo
372 292 483 345 demum
495 294 673 361 pugnavimus
684 309 763 346 anno.

105 360 166 419 Quid
179 361 249 414 sacis
261 361 371 429 interea,
385 362 430 430 qui
443 362 480 413 nil
493 362 544 413 nisi
557 363 657 431 proelia
669 363 757 415 nostil
932 367 983 415 210

104 429 163 488 Quis
175 441 238 483 tuus
251 447 316 482 usus
328 432 405 483 erati
434 431 506 483 Nam
519 431 542 482 si
555 449 616 484 mea
629 432 700 483 sacta
713 431 831 501 requiris,

103 498 225 552 Hostibus
236 498 344 551 insidior
352 515 359 566 5
377 499 462 552 fossas
475 501 623 553 munimine
636 501 713 568 cingo
721 517 729 569 3

103 569 221 621 Concolor
234 569 329 630 sucina,
342 577 371 620 ut
384 568 455 636 longi
468 568 557 620 taedia
569 569 633 622 belli

101 637 193 689 Mente
206 636 294 689 serant
306 636 428 705 placida;
446 637 529 688 doceo
542 655 594 706 quo
607 639 691 690 simus
703 636 792 690 alendi

100 706 284 774 Armandique
296 705 393 773 modo,
411 706 501 758 mittor
514 723 566 774 quo
579 707 693 775 postulat
706 725 777 759 usus.
933 709 984 758 215

101 775 179 843 Ecce,
192 775 269 829 ,lovis
281 775 382 827 monitu
395 773 525 843 deceptus
538 777 653 843 imagine
666 777 759 845 somni,

98 844 154 896 Rex
164 844 242 912 jubet
255 844 354 912 indepti
367 860 458 896 curam
472 844 607 896 dimittere
621 845 693 896 belli.

99 912 146 964 Ille
159 920 247 981 potest
260 924 368 964 auctore
381 929 457 965 suam
470 912 616 965 defendere
629 930 752 982 causam,

98 981 158 1034 Non
171 981 241 1033 sinat
253 979 305 1033 hoc
317 980 387 1049 Ajax
398 980 567 1050 delendaque
580 983 710 1050 Pergama
722 991 822 1051 poscat,

98 1049 231 1118 Quodque
244 1058 340 1118 potest,
352 1059 462 1118 pugnet.
495 1051 548 1102 Cur
560 1068 611 1102 non
626 1062 769 1103 remoratur
781 1051 882 1104 iturosl
933 1054 984 1102 220

99 1119 151 1171 Cur
163 1135 216 1170 non
229 1134 304 1170 arma
316 1119 408 1187 capiti
438 1120 489 1171 Det
501 1119 572 1187 quod
584 1137 652 1186 vaga
665 1121 741 1173 turba
754 1118 894 1189 sequatur!

98 1187 157 1240 Non
171 1195 229 1239 erat
242 1186 292 1239 hoc
304 1187 416 1240 nimium
429 1204 566 1256 nunquam
581 1189 631 1240 nisi
644 1206 743 1256 magna
755 1188 884 1257 loquenti.

99 1255 178 1317 Quid,
191 1255 262 1325 quod
275 1257 371 1324 etipse
384 1256 473 1324 fugiri
504 1257 571 1325 Vidi,
585 1257 732 1326 puduitque
745 1259 844 1328 videre,

99 1326 166 1377 Cum
181 1333 209 1376 tu
221 1333 298 1392 turga
310 1325 388 1376 dares
400 1325 592 1393 inhonestaque
606 1327 666 1378 vela
677 1344 794 1395 parares.
894 1323 897 1330 ’

98 1395 158 1446 Nec
170 1409 252 1461 mora,
266 1392 352 1452 ‘Quid
364 1393 473 1446 facitisl
502 1394 577 1452 Quae
590 1412 637 1446 vos
649 1395 793 1449 dementia’
807 1395 863 1448 dixi
933 1398 984 1447 225

102 1463 246 1530 ‘Concitat‚
259 1479 275 1514 o
288 1463 360 1530 socii,
373 1472 479 1531 captam
494 1463 629 1516 dimittere
641 1463 769 1532 Trojaml

99 1531 206 1589 Quidve
218 1530 329 1584 domum
342 1531 417 1584 fertis
429 1531 536 1585 decimo
549 1532 599 1584 nisi
611 1533 730 1584 dedecus
742 1532 840 1584 annol'
905 1556 910 1564 ·

101 1598 214 1652 Talibus
225 1609 307 1669 atque
319 1600 386 1668 aliis,
401 1601 427 1652 in
441 1618 509 1670 quae
522 1601 595 1653 dolor
607 1602 664 1670 ipse
677 1600 807 1654 disertum

101 1669 221 1737 Fecerat,
233 1686 342 1722 aversos
353 1670 464 1738 profuga
475 1670 510 1722 de
523 1670 608 1722 classe
622 1670 721 1722 reduxi.

101 1739 235 1791 Convocat
246 1737 355 1791 Atrides
366 1739 452 1791 socios
465 1748 562 1791 terrore
574 1748 717 1807 paventes:
935 1740 985 1790 2³0

101 1807 160 1860 Nec
171 1807 379 1860 Telamoniades
391 1809 472 1861 etiam
485 1826 556 1860 nunc
568 1808 671 1861 hiscere
684 1808 829 1877 quicquam

101 1876 273 1929 Audeo-At
285 1893 366 1928 ausus
378 1886 434 1929 erat
447 1895 524 1944 reges
538 1880 671 1929 incessere
684 1877 763 1930 dictis

101 1945 256 1997 Thersites:
276 1945 358 1997 etiam
371 1962 419 2013 per
431 1964 475 1998 me
488 1947 558 1998 haud
572 1947 681 2015 impune
694 1954 840 2014 protervus.

103 2014 196 2081 Erigor
209 2021 236 2065 et
249 2014 364 2081 trepidos
376 2015 450 2066 cives
463 2014 585 2067 exhortor
597 2017 622 2067 in
635 2016 733 2084 hostes,

101 2085 290 2150 Amisa-amque
303 2100 366 2134 mea
378 2084 504 2136 virtutem
516 2100 583 2136 voce
596 2101 714 2153 reposco.
935 2087 986 2134 235

61 2242 222 2349 place,'were
234 2241 332 2309 already
340 2244 506 2292 commenced.
514 2248 601 2291 .-211.
616 2244 676 2303 Quia
688 2217 745 2292 tuus
756 2261 816 2292 usus
828 2254 886 2292 erut.
914 2243 985 2290 Tuus

82 2317 132 2356 ere,
146 2317 170 2348 rn
181 2315 280 2359 passive
292 2317 373 2356 sense,
387 2301 422 2349 for
433 2303 482 2350 tui:
501 2303 529 2350 os
538 2303 602 2349 what
614 2318 733 2350 use'were
745 2319 792 2361 you
801 2306 806 2348 ἔ
814 2306 904 2349 -216,
915 2301 982 2355 Eece,

62 2359 134 2407 Jooia
154 2362 253 2406 morritu.
286 2359 382 2418 Jupiter
399 2361 445 2408 had
465 2361 586 2420 promised
604 2372 629 2408 to
649 2360 737 2407 Thetis
758 2361 808 2407 that
828 2361 869 2406 the
889 2360 985 2407 Greeks

63 2417 153 2466 should
175 2428 247 2465 atone
269 2417 305 2464 for
327 2419 367 2466 the
390 2419 464 2467 insult
486 2420 566 2467 which
590 2421 760 2479 Agamemnon
781 2417 827 2465 had
848 2417 938 2464 offered
960 2427 1005 2464 to·

64 2476 188 2544 Achillest
219 2476 258 2523 He
275 2476 395 2525 therefore
407 2479 495 2526 caused
511 2494 525 2525 a
536 2479 614 2526 vision
631 2489 655 2524 to
667 2492 755 2536 appear
765 2485 791 2523 to
802 2477 983 2542 Agamemnon,

63 2550 153 2594 urana
164 2533 985 2643 ¹¹¹¹¹¹¹i2l²¹h⁰ri¹¹iiiilu⁰l¹di⁹dimihildilid⁰dilii¹h¹2

63 2608 262 2705 'qqiecpsrppnpde
279 2651 320 2699 the
332 2610 441 2711 ophosite
458 2631 577 2712 proposal,
592 2654 643 2700 that
661 2611 719 2712 they
730 2628 820 2699 should
827 2653 882 2718 give
894 2666 926 2709 up
944 2651 985 2697 the

62 2725 140 2815 sregp,
156 2710 308 2814 anihremilr
312 2711 615 2818 1h⁰m³'-i18'2i9¹⁴⁶ii’r⁷⁶'
629 2711 700 2816 Jovp,
710 2710 796 2816 lwkhoprlr¹
811 2710 846 2815 hg
858 2725 927 2815 gripes
943 2719 984 2813 qut

63 2785 115 2874 iisve
131 2784 245 2882 iuditii
256 2785 291 2874 0to
308 2785 444 2910 pqprrpsqosp
456 2807 551 2905 iqqdesi
569 2785 765 2896 eiiddildrihnif‘
776 2783 986 2896 Aiaxrverhqldprio

63 2887 140 2933 doubt
157 2897 198 2932 not
217 2900 321 2943 approve
338 2887 366 2933 ol
378 2888 435 2934 this.
479 2888 528 2935 lhe
557 2900 688 2945 roposrtron
700 2888 780 2934 which
797 2903 817 2935 rs
834 2898 946 2948 negative
962 2900 986 2932 rn

62 2945 106 2991 the
118 2944 169 2992 first
184 2944 242 2998 half,
257 2945 276 2990 is
289 2946 417 2994 continued
429 2947 453 2992 in
465 2946 505 2992 the
517 2904 668 2993 athimative.
677 2951 765 2994 -220.
779 2947 892 3007 Quodque
899 2954 984 3009 poteri,

62 3014 186 3061 quatenus
199 3013 287 3071 potest,
299 3015 416 3070 quantum
427 3009 611 3062 potest-221.
621 3005 667 3052 Det
679 3009 741 3110 quod
751 3023 813 3067 ongo
824 3009 892 3053 turba
903 3021 985 3075 sequa-

62 3071 112 3108 tur.
139 3061 234 3120 Supply
244 3062 342 3119 aliquid,
356 3063 504 3121 exemplum,
519 3079 545 3110 or
556 3079 624 3110 some
636 3080 679 3111 sue
708 3064 878 3112 word-222.
891 3063 987 3121 Magno

63 3122 180 3179 loquenti,
188 3136 227 3167 rna
247 3121 316 3167 rrifiee
326 3121 441 3226 loquenti,
451 3137 477 3168 as
487 3122 584 3169 Metam.
595 3123 610 3170 i.
618 3127 661 3170 751
672 3142 677 3170 r
691 3139 763 3181 quem
771 3121 891 3180 quondam
900 3135 987 3178 magna

63 3179 213 3283 quicuq
248 3179 354 3285 ⁰¹¹tt¹tt
373 3180 494 3285 “iiidii
523 3178 987 3286 itt'tetttltu‘dffiuitttt

63 3253 371 3400 ipiijilii’ertiliriydiooorut.y
388 3297 416 3343 In
434 3255 552 3364 quaefsc.
570 3275 718 3354 proferenda.
747 3252 876 3343 So'auovqe.
890 3293 914 3341 ii.
926 3298 984 3363 282ι

91 3370 115 3401 ix
130 3354 243 3411 equidem
263 3355 344 3402 lauces
363 3355 423 3422 haec
440 3371 491 3412 rpsa
511 3371 534 3402 m
551 3357 625 3401 verba
642 3354 841 3400 resolvo-233.
854 3351 984 3403 Thersites.

7 3429 12 3440 ‘
61 3411 107 3463 the
119 3424 184 3461 most
196 3411 319 3461 deformed
331 3413 377 3461 and
388 3414 493 3462 incolent
504 3414 532 3461 of
544 3413 585 3461 the
599 3411 706 3466 Greeks,
720 3410 775 3458 who
786 3425 838 3459 was
848 3410 987 3470 constantia
